@article{Pranay2012,
    title = {{Depletion layer formation in suspensions of elastic capsules in Newtonian and viscoelastic fluids}},
    year = {2012},
    journal = {Physics of Fluids},
    author = {Pranay, Pratik and Henr{\'{i}}quez-Rivera, Rafael G. and Graham, Michael D.},
    number = {6},
    month = {6},
    pages = {061902},
    volume = {24},
    url = {http://aip.scitation.org/doi/10.1063/1.4726058},
    doi = {10.1063/1.4726058},
    issn = {1070-6631}
}

@article{Vinet2010APolynomials,
    title = {{A "missing" family of classical orthogonal polynomials}},
    year = {2010},
    journal = {Journal of Materials Processing Technology},
    author = {Vinet, Luc and Zhedanov, Alexei},
    number = {1},
    month = {11},
    pages = {1--8},
    volume = {1},
    url = {http://dx.doi.org/10.1016/j.cirp.2016.06.001%0Ahttp://dx.doi.org/10.1016/j.powtec.2016.12.055%0Ahttps://doi.org/10.1016/j.ijfatigue.2019.02.006%0Ahttps://doi.org/10.1016/j.matlet.2019.04.024%0Ahttps://doi.org/10.1016/j.matlet.2019.127252%0Ahttp://dx.doi.o},
    isbn = {9783642253874},
    doi = {10.1088/1751-8113/44/8/085201},
    issn = {09240136},
    pmid = {25246403},
    arxivId = {1011.1669},
    keywords = {-c, -n, 07, 10, 12, 16, 1631, 16S rRNA gene sequences, 17–4 PH stainless steel, 18Ni Maraging Steel, 20, 3-D printers, 3-D printing, 304 stainless steel, 316L stainless steel, 3D Printing, 3D gel-printing, 3D modeling, 3D printing, 3D printing rheology, 3D scanning, 3D-printing, 3d printing, 50, 80, 81, 83, 85, 87, A. Injection molding, A. Intermetallics, A. Sintering, ABS, AISI 316L stainless steel, AISI316, AM applications, AM materials, AM processes, AUTOCAST-X, Abnormal grain growth, Accessibility analysis, Accuracy, Adaptation to European higher education area (EHEA, Additive, Additive Manufacturing, Additive Manufacturing (AM), Additive fabrication, Additive layer manufacturing, Additive manufacture, Additive manufacturing, Additive manufacturing (AM), Additive manufacturing processes, Additive manufacturing review, Additive manufacturing technologies, Additive/Subtractive Hybrid Manufacturing, Adolescence, Adolescencia, Adolescent, Adolescent Behavior, Adolescent Behavior: psychology, Adult, Advanced manufacturing, Advanced manufacturing technologies, Aerospace, Agresiones al cuerpo, Al2O3, AlN, Alumina, Alumina (Al2O3), Alumina-zirconia, Aluminum nitride, Animal tests, Applied sciences, Arc welding, Artificial seawater, Assistive, Atomic force microscope (AFM), Attachment to the body, Attaque au corps, Autolesiones deliberadas, Automutilation d{\'{e}}lib{\'{e}}r{\'{e}}e, B. Microstructure, B. Shape-memory effects, Backbone polymer, Ball milling, Bead-based deposition processes, Benchmarking, Binder, Binder system, Binders, Biomaterials, Biomedical, Biomedical titanium alloys, Biopolymer printing, Body Piercing, Body Piercing: psychology, Body Piercing: statistics {\&} numerical data, Body image, Bolts, Bone remodeling, Build orientation, Buildings, Burr formation, C. Diffusion, C. Powder metallurgy, C. Sintering, CAM, CAPP, CNC, CNC Machining, CNC machining, CRIMEAN HEMORRHAGIC FEVER, CUERPO, Capability profiles, Capillary pressure, Carbides, Carbon content, Carbon control, Case studies, Cathodic protection, Cellular materials, Cemented carbide, Cemented carbides, Cemented carbides WC-Co, Cemented tungsten carbide, Cemented tungsten carbide (WC-Co), Central composite design, Ceramic, Ceramic green body, Ceramic green machining, Ceramic prototypes, Ceramic slurry, Ceramics, Cermets, Characterization, Chi phase, Chile, Chile: epidemiology, Chip formation, Chip volume, Chromium nitrides, Cladding, Clay prototype, Cnc, Cold spraying, Collaborative work, Compensation, Complex shape, Composite material, Composite matrix, Composite powders, Composites, Computer Numerical Control machining, Computer-Aided Manufacturing, Computer-aided design, Concrete, Concrete deterioration, Configuration space, Conformal cooling, Constitution, Corrosion, Corrosive environment, Cosmetic Techniques, Critical pitting temperature, Critical solid loading, Cryogenic compressed air, Cryogenic machining, Cu, Cutting, Cutting force, Cutting parameters, Cutting tool, Cyanoacrylate, Cyclic deformation, Cyclic potentiodynamic polarization, D-Optimal design, DOAJ:Materials, DOAJ:Technology and Engineering, Debinding, Deliberate self-harm, Densification, Density gradients, Dental crown, Deposition feature segment, Deposition process monitoring, Design, Design S–N curves, Design for manufacturing, Design method, Design of Experiments, Design of experiments, Design of experiments - DOE, Designed mesostructure, Diamond impregnated tool, Diario del profesorado, Digital hybrid AM, Digital manufacturing, Dimension precision, Dimensional veriation, Direct Laser Deposition (DLD), Direct metal deposition, Direct metal fabrication, Direct metal laser sintering, Direct rapid tooling, Directed Energy Deposition, Directed energy deposition, Dispersant, Distortion, Distributed manufacturing, Docencia, Done-in-One, Drilling, Duplex stainless steels, EDM, EDS analysis, EPIDEMIOLOGICAL SITUATION, EPIZOOTIOLOGICAL MONITORING, Eco-design, Educaci{\'{o}}n, Educational evaluation, Effect of C and Co content, Electrical engineering. Electronics. Nuclear engin, Electrodeposition, Electron beam melting, Empirical modeling and optimization, Enfoques de aprendizaje, Engineering, Ense�anza primaria, Environmental impact, Environmental reduction factors, Epidemiologic Methods, Estudiante para profesor, Estudiantes excelentes, Estudiantes medios., Estudiantes universitarios, Estudio evolutivo, Evaluaci{\'{o}}n, Experimental design, Extruder design, Extrusion, Extrusion Freeforming, Extrusion freeforming, FDM, FDMet, FFF, Fabricated metal, Failure pressure, Fasteners, Fasteners failures, Fatigue, Fatigue assessment methods, Fatigue life estimation, Fatigue life predictions, Fatigue stress failure, Feed mark, Feed stock filament, Feedstock, Feedstock extrusion, Feedstocks, Female, Fibre-metal laminates (FML), Finishing, Finite element analysis, Finite element method (FEM), Five-axis machining, Flank wear, Flexure strength, Forced vibration, Formaci�n de profesores, Forming characteristics, Fractals, Free-form surface machining, Fretting, Fretting wear, Functionally graded composites, Fused Deposition, Fused Deposition Modeling, Fused Deposition Modeling (FDM), Fused deposition, Fused deposition modeling, Fused deposition modeling (FDM), Fused deposition modelling, Fused filament fabrication, Gas metal arc welding, Gas metal arc welding (GMAW), Gelation, Gelcasting, Geometrical analysis, Grain growth, Grain growth inhibitor, Grain shape, Green ceramics, Green compact, Green machinability, Green machining, Green micromachining, Green parts, Green strength, Green-state machining, Green-state milling, Grupo B, Grupo C, Hard metal, Hardmetal, Hardness, Heat treatment, High speed steel, High strain rate, High-power direct laser deposition, Highly filled filaments, Highly-filled polymers, Homogeneity, Hot cutter machining, Hot embossing, Humans, Hybrid, Hybrid Multi-tasking, Hybrid additive manufacturing, Hybrid additive-subtractive manufacturing, Hybrid machine, Hybrid machines, Hybrid manufacturing, Hybrid manufacturing process, Hybrid manufacturing processes, Hybrid processes, Hybrid rapid prototyping, Hybrid technologies, Hydraulic fluids, Hydrogen embrittlement, Hydrogen induced stress cracking, IR sensors, Image corporelle, Image scan, Imagen corporal, In situ measurements, Inconel, Industrial robotics, Infiltration, Influencing regularities, Information technology, Infrared preheating, Injection Moulding, Injection molding, Injection moulding, Interlayer strength, Investigaci�n educativa, Iterative learning control, JUVENTUD, Joining, Key performance indicators, Kinematics, LDH (Mg–Al), Large scale, Laser Cladding, Laser Engineered Net Shaping, Laser Engineered Net Shaping (LENS), Laser Metal Deposition, Laser Metal Deposition Shaping (LMDs), Laser ablation, Laser additive manufacturing, Laser deposition, Laser metal deposition, Laser metal depostion, Laser scanner, Laser sintering, Laser surface finishing, Lasers, Latticework, Layered deposition, Layered manufacturing, Layered manufacturing hybrid processes, Local porosity distribution, Low Young’s modulus, Low alloy forged steels, Lubricant, MEMS, MIG welding, MIM, MMC, MODIFICACIONES CORPORALES, MORBIDITY RATES, MWCNT, Machinability, Machine Tools, Machine development, Machine frames, Machine tool, Machine tool design, Machine tools, Machining, Machining feature segment, Male, Manufacturability analysis, Manufacturing, Manufacturing systems design, Manufacturing technology, Mass production, Material deposition, Material extrusion, Material extrusion additive manufacturing, Material properties, Material texture, Materials additive manufacturing, Materials design, Materials informatics, Materials of engineering and construction. Mechani, Mean stress effect, Mean stress factor, Mechanical Properties, Mechanical behaviour of materials, Mechanical properties, Mechanical properties of materials, Mechanical property, Mechanical strength, Mechanism design, Melt extrusion manufacturing, Melt pool, Meso machining, Metal, Metal AM, Metal additive manufacturing, Metal alloys, Metal foams, Metal injection molding, Metal matrix composite, Metal matrix composites, Metal part, Metal powder injection molding, Metal processing, Metal wire, Metallic binders, Metallic prototypes, Metallurgy, Metals and alloys, Metals and ceramics, Micro Milling, Micro hardness, Micro milling, Micro powder injection molding ({$\mu$}PIM), Micro powder injection molding ({$\mu$}PIM) critical sol, Micro powder injection moulding, Micro scale, Micro-Metal Injection Molding, Micro-chatter, Micro-fluidic systems, Micro-machining, Micro-milling, Micro-powder injection molding ({$\mu$}PIM), Micro-powder injection moulding, Microinjection molding, Micromachining, Micromilling, Microstructural architecture, Microstructure, Microstructure and properties, Microstructure design, Microstructures, Milling, Milling force, Miniaturization, Minimum uncut chip thickness, Mixture physical properties, Modeling processes, Modelling, Modelling methods, Molds, Molybdenum, Monomer, Motivation, Movement, Multi-axis additive manufacturing, Multi-material inje, Multiaxial stress criteria, Multidirection slicing, Nano scale, Nanoclay (Closite-30B), Nanocrystalline, Nanocrystalline diamond, Nanocrystalline metals, Nanocrystalline powder, Nanotechnology, Near net shape forming, Network of knowledge, New trends in machining, Nickel alloy, Nickel tungsten carbide, Non-assembly mechanisms, Nonallergenic elements, Nonplanar slices, Nontoxic elements, Notch support factor, Notched specimens, Octree, Oil and gas, Open-source, Open-source electronics, Open-source hardware, Optimization, Optimization techniques, Orientation field, PEG/PMMA composite binder, PLA material, PROGNOSIS, Parallel kinematics, Parallel mechanism, Parametric study, Part distortion, Part quality, Passivation, Pellet extrusion, Performance evaluation, Personal fabrication, Phase constitution, Phase diagrams, Physical properties, Pipeline integrity, Plasma deposition manufacturing, Plasma welding, Plasma wire deposition, Plastic deformation of cutting edge, Ploughing, Point cloud, Polyethylene, Polylactic acid, Polymer, Polymers, Polyvinyl alcohol, Porosity, Porous materials, Portafolios formativo, Post processing technique, Post-processing, Powder Bed Fusion, Powder Injection Moulding (PIM), Powder bed fusion, Powder extrusion molding, Powder injection molding, Powder injection moulding, Powder metallurgy, Powder metallurgy steels (PMS), Powder metals, Powder-binder mixtures, Powder/binders Feedstocks, Pre-sintering, Precision, Principal component analysis, Printability, Printing, Process Planning, Process analysis, Process comparison, Process control, Process design, Process parameters, Process parameters tuning, Process planning, Processing parameters, Processmechanisms, Profesor en pr�cticas, Professional development, Pr�ctica pedag�gica, Psicolog{\'{i}}a y educaci{\'{o}}n, Qualitative research, Quality, Radiation Drying, Ramp-Up Management, Rapid Manufacturing, Rapid Prototyping, Rapid manufacturing, Rapid prototypes, Rapid prototyping, Rapid prototyping and manufacturing, Rapid technologies, Rapid tooling, Recession of cutting edge, Reconstructive implants, Recycling, Refexi{\'{o}}n, Reflexi{\'{o}}n pedag{\'{o}}gica, Regression analysis, Reproducibility, Research-action, Response surface methodology - RSM, Retrofitment, Rheological characteristics, Rheological property, Rheology, Risk-Taking, Robocasting, Rol del profesor, Rotary Stage, Roughness improvement, S-N curves, S-N data, SFF, SS316L, Scaffold structure, Scanning electron microscopy (SEM), Scientific hardware, Scientific instruments, Seawater, Selective laser melting, Self Mutilation, Self Mutilation: physiopathology, Self Mutilation: ultrasonography, Semi-solid alloy, Sex Distribution, Shape deposition manufacturing, Shaped metal deposition, Shaping, Shear viscosity, Si 3 N 4, SiAlON, Sigma phase, Silicon carbide, Simulation, Simulations, Sinter-hardening, Sintered/sinter-hardened steels, Sintering, Sintering parameter, Size effect, Smart materials, Socializaci�n, Software, Solid Freeform Fabrication (SFF), Solid freeform fabrication, Solvent debinding, Spatter, Specific cutting force, Speech Articulation Tests, Speech Intelligibility, Spinal fixation devices, Spiral flow test, Split-Hopkinson pressure bar, Springback, Stability, Stainless Steel, Stainless steel, Stainless steel 17-4PH, Stainless steel 316 (SS), Stainless steel 316L, Stainless steel powder, Stainless steels, Staircase effect, Staircase error, State of the art, Statistical analysis, Steel powder, Stereolithography process, Strain rate sensitivity, Streamlines, Stress corrosion cracking, Stress shielding, Subjectivity, Submicronic, Subsea, Subtractive, Subtractive manufacturing, Super duplex stainless steel, Support removal, Surface, Surface Roughness, Surface finish, Surface integrity, Surface quality, Surface roughness, Surface topography, Sustainability, Sustainable machining, Sustainable manufacturing, Syntactic foams, T, TA401-492, TK1-9971, TLS, TaC, Taguchi, Taguchi method, Taguchi methods, Tailor-Made-Manufacturing, Tailored deposition alignment, Tattooing, Tattooing: psychology, Tattooing: statistics {\&} numerical data, Taxonomia de objetivos, Teacher development, Teacher education, Technology, Technology innovation, Tensile properties, Tensile property, Tensile strength, Tensile test, Terrestrial laser scanning, Test artifact, Thermal properties, Thermally assisted machining, Thermomechanical treatment, Thermoplastic 3D printing, Thin-walled workpiece, Three dimensional printing, Three-dimensional printing, Ti-6Al-4V, Ti-6Al-4V alloy, Ti6AL4V, Time-temperature-transformation diagram, Titanium, Titanium alloys, Titanium dioxide (TiO2), Tongue, Tongue: injuries, Tongue: physiopathology, Tongue: ultrasonography, Tool Wear, Tool edge radius, Tool wear, Tool wear mechanisms, Tungsten, Tungsten carbide, Tungsten carbide-cobalt composite, Tungsten cemented carbide, Two-material PIM, Ultraviolet post-curing process and mechanical pro, VC, WC-10{\%}Co, WC-10.21 Co-0.42 VC/Cr3C2(wt{\%}), WC-10Co, WC-20Co, WC-Co, WC-Co alloy, Weld deposition, Welding, Wick debinding, Wire EDM, Wire arc additive manufacturing, Wire extrusion, Workpiece Orientation, XRD, Y-TZP, Young’s modulus changeable titanium alloys, Zirconia, ZrO2, {\_}{\_}{\_}{\_}{\_}{\_}{\_}{\_}{\_}{\_}{\_}{\_}{\_}{\_}{\_}{\_}{\_}{\_}{\_}{\_}{\_}{\_}{\_}{\_}{\_}{\_}{\_}{\_}{\_}{\_}{\_}{\_}{\_}{\_}{\_}{\_}{\_}{\_}{\_}{\_}{\_}{\_}{\_}{\_}{\_}{\_}{\_}{\_}{\_}{\_}, a, a1700236, abstract, actividad cognoscitiva productiva, activity as fundamental in, actual sociedad y su, additive manufacturing, additive manufacturing (AM), adhesion, aesthetics, afm, aisi 316l feedstock, al, aluminium, an additive process, and manufacturing, and on cor-, and unknown territories, applications, aprendizaje, aprendizaje reflexivo, as a key part, as none were found, atomic force microscope, auto, autoinjury and health, b, backbone binders, ball milling, binder system, biocorrosion, body, cad, calorimetry, carbon content, castings, cemented carbides, centrada en la, ceramic, ceramic injection molding (CIM), ceramic powders, ceramics, chemical vapor deposition diamond coating tool, claves para escribir el diario del profesorado, clc number, closite-30b, cm, cold isostatic pressing, competencias, competencias docentes, complications did not, complications from inserting a, component in initial teacher, comportamiento de grupo, compromiso, computer aided design, concepciones y motivaciones, conceptions and motivations about, configuration and reconfiguration, constituci{\'{o}}n del yo, contact angle, contenido, contradicci{\'{o}}n, control postural- estabilizaci{\'{o}}n- v{\'{i}}as, corporal modifications, corps, corrosion, cr{\'{i}}tica, cuerpo, culturas juveniles, cultures juv{\'{e}}niles, curing, de uni{\'{o}}n teor{\'{i}}a y, deal of understanding of, debinding, defects, del docente - pedagog{\'{i}}a, demands a great, density gradient, desarrollo, desarrollo profesional, design, diarios de pr{\'{a}}cticas, distortion, doi, dx, e-portafolio, economic aspect, educaci{\'{o}}n, educaci{\'{o}}n superior, education in chile, ek, el profesor estrat{\'{e}}gico, en el terreno de, enfoque por, enfoque reflexivo, ense{\~{n}}anza, ense{\~{n}}anza reflexiva, epidural, es, esth{\'{e}}tique, estrategia de, estudiante-profesor, estudiantes practicantes, est{\'{e}}tica, etnograf{\'{i}}a, ev, evaluaci{\'{o}}n del desempe{\~{n}}o docente, existe una abundante literatura, experiencia profesional, extrusion, extrusion freeforming, extrusion-based additive manufacturing, feedstock, feedstock filament, filaments, filosof{\'{i}}a., find any reports of, flexible processes is key, fml, formaci{\'{o}}n, formaci{\'{o}}n de docentes, formaci{\'{o}}n de profesores, formaci{\'{o}}n de profesores reflexivos, formaci{\'{o}}n del profesorado, formaci{\'{o}}n docente, formaci{\'{o}}n docente inicial, formaci{\'{o}}n inicial, formaci{\'{o}}n inicial del profesorado, formaci{\'{o}}n inicial docente, ftir, fused deposition, fused deposition modeling, fused filament fabrication, futuros profesores de ciencias, geometry, green machining, growth is that it, high resolution images, high temperature, historias de, hot risers, http, hybrid manufacturing, hybrid processes, icle, if neuraxial anes-, in this, incidencia en la educaci{\'{o}}n, increased flexibility in manufacturing, ing with neuraxial anesthesia, inhibitor, initial teacher training of, injection molding, injection moulding, ink-jet printing, instrument for, introducci{\'{o}}n, investigaci{\'{o}}n, investigaci{\'{o}}n educativa, investigaci{\'{o}}n-acci{\'{o}}n, investment casting, iron-oxidising bacteria, is an efficient production, is the fastest growing, j, jeunesse, juvenile cultures, juventud, jzus, knowledge - teaching practice, known, la adquisici{\'{o}}n de competencias, la educaci{\'{o}}n, la formaci{\'{o}}n, la reflexi{\'{o}}n como nexo, laminated, las caracter{\'{i}}sticas de la, laser, ldh, learning community, local, machinability, materials, mathematics education, mecanismos de anteroalimentaci{\'{o}}n y, mechanical property, mellado hern{\'{a}}ndez, mentoring process in detail, mentoring processes in initial, mentor{\'{i}}a, meta-an{\'{a}}lisis, metals and alloys, method, mg, micro PIM, micro-powder injection moulding, microbial community structure, microfabrication, micromilling, milling, milling machining, mim, miscellaneous, modificacio -, monitoring and control, m{\'{e}}todo pedag{\'{o}}gico, na forma{\c{c}}{\~{a}}o, nanoclay, needle through a, nes corporales, nitrogen converting microorganisms, niveles, o portf{\'{o}}lio digital como, objetos de estudio, odstraňov{\'{a}}n{\'{i}} pojiva, of the practicum, optimization under uncertainty, org, oxygen content, pacs, pdf, pedagog{\'{i}}a, perforaci{\'{o}}n corporal, piel, plastic deformation, plastograph mixing, pojiv o, porosity, portafolio, portafolio digital, portafolio en l{\'{i}}nea en, portafolios, portafolios formativo, powder injection moulding, powder metallurgy, powder metallurgy area, power distribution networks, pressing, process chain, process combination, process parameters, profesgionalism, profesional, profesional - reflexi{\'{o}}n, profesional docente, profesional y complejidad, profesionales, profesionalidad docente, profesionalizaci{\'{o}}n, profesionalizaci{\'{o}}n docente - autonom{\'{i}}a, profesor, profesor estrat{\'{e}}gico, profesor-mentor, profesorado de ciencias experimentales, professional skills, protective structures, pr{\'{a}}ctica, pr{\'{a}}ctica autolesiva, pr{\'{a}}ctica profesional docente, pr{\'{a}}ctica reflexiva, pr{\'{a}}ctica reflexiva docente, pr{\'{a}}ctica reflexiva., pr{\'{a}}cticum, psicoan{\'{a}}lisis, radiation drying, rapid prototyping, rapid tooling, recfpro, reflection - social construction, reflective learning, reflexi{\'{o}}n, reflexi{\'{o}}n-sobre-la-acci{\'{o}}n, research, research on teachers, response surface methodology, retroalimentaci{\'{o}}n, rev173art4, risks management, robocasting, s, s design of experiments, scanning electron microscopy, segunda piel, selective laser melting, selective laser sintering, sensitivas y motoras, significaci{\'{o}}n del pr{\'{a}}cticum en, sintered ceramics, sintering, situaci{\'{o}}n probl{\'{e}}mica, solvent debinding, specific interactions, specifick{\'{e}}, spinal, stainless steel, steel, stereolithography, suporte da pr{\'{a}}tica reflexiva, surface quality, sustainability, sustainable reconstruction, taguchi, tarea probl{\'{e}}mica, tattoo, tattooing, tattoos, tatuaje, teacher training, teachers professional development in, teaching portfolios as an, technology within the, tensile test fibre-metal laminates, tesauro de la unesco, th161, the availability of highly, the forming of, the incorporation, the literature on tattoos, the reason for this, the reflexive approach to, the training of teachers, thermal debinding, thermally sprayed aluminum, thermogravimetric analysis, thermoplastics, this paper analyses the, titanium alloy, to the progress of, tool wear, toolmaking, training and views this, transferencia, trayectoria profesional, tsa, tubes, tungsten carbide-cobalt, tungsten cemented carbides, tutores de la pr{\'{a}}ctica, ugr, uv, va, variable bead width, vst{\v{r}}ikov{\'{a}}n{\'{i}} pr{\'{a}}{\v{s}}kov{\'{y}}ch materi{\'{a}}lů, was reviewed to see, with teaching trends which, wk, www, youth, {$\beta$}-SiAlON, {$\beta$}-type titanium alloys, ЗАБОЛЕВАЕМОСТЬ, КРЫМСКАЯ ГЕМОРРАГИЧЕСКАЯ ЛИХОРАДКА, ПРОГНОЗ, ЭПИДЕМИОЛОГИЧЕСКАЯ СИТУАЦИЯ, ЭПИЗООТОЛОГИЧЕСКИЙ МОНИТОРИНГ}
}

@article{Balogh2017AGeometry,
    title = {{A computational approach to modeling cellular-scale blood flow in complex geometry}},
    year = {2017},
    journal = {Journal of Computational Physics},
    author = {Balogh, Peter and Bagchi, Prosenjit},
    month = {4},
    pages = {280--307},
    volume = {334},
    publisher = {Elsevier Inc.},
    url = {http://dx.doi.org/10.1016/j.jcp.2017.01.007 https://linkinghub.elsevier.com/retrieve/pii/S0021999117300177},
    doi = {10.1016/j.jcp.2017.01.007},
    issn = {00219991},
    keywords = {Blood cell, Cell deformation, Complex geometry, Immersed boundary methods, Microcirculation}
}

@article{Possenti2019AInterstitium,
    title = {{A computational model for microcirculation including Fahraeus-Lindqvist effect, plasma skimming and fluid exchange with the tissue interstitium}},
    year = {2019},
    journal = {International Journal for Numerical Methods in Biomedical Engineering},
    author = {Possenti, Luca and di Gregorio, Simone and Gerosa, Fannie Maria and Raimondi, Giorgio and Casagrande, Giustina and Costantino, Maria Laura and Zunino, Paolo},
    number = {3},
    month = {3},
    pages = {e3165},
    volume = {35},
    url = {http://doi.wiley.com/10.1002/cnm.3165},
    doi = {10.1002/cnm.3165},
    issn = {20407939},
    pmid = {30358172},
    keywords = {Fahraeus-Lindqvist, capillary leakage, microcirculation, plasma skimming}
}

@article{Wang2016AVessels,
    title = {{A micro-scale simulation of red blood cell passage through symmetric and asymmetric bifurcated vessels}},
    year = {2016},
    journal = {Scientific Reports},
    author = {Wang, Tong and Rongin, Uwitije and Xing, Zhongwen},
    number = {1},
    month = {4},
    pages = {20262},
    volume = {6},
    publisher = {Nature Publishing Group},
    url = {http://www.nature.com/articles/srep20262},
    doi = {10.1038/srep20262},
    issn = {2045-2322},
    pmid = {26830454}
}

@article{Wu2019AFlow,
    title = {{A non-linear fluid suspension model for blood flow}},
    year = {2019},
    journal = {International Journal of Non-Linear Mechanics},
    author = {Wu, Wei-Tao and Aubry, Nadine and Antaki, James F. and Massoudi, Mehrdad},
    number = {July 2018},
    month = {3},
    pages = {32--39},
    volume = {109},
    publisher = {Elsevier Ltd},
    url = {https://doi.org/10.1016/j.ijnonlinmec.2018.11.002 https://linkinghub.elsevier.com/retrieve/pii/S0020746218304487},
    doi = {10.1016/j.ijnonlinmec.2018.11.002},
    issn = {00207462},
    arxivId = {1808.08346},
    keywords = {Blood flow, Carreau-type fluid, Non-linear fluid, Shear-thinning fluid, Suspension}
}

@article{Nair2019ADynamics,
    title = {{A Reduced-Order Model for Red Blood Cell Dynamics}},
    year = {2019},
    author = {Nair, Achuth and Nair, Balachandran and Saeedipour, Mahdi and Pirker, Stefan},
    number = {June},
    pages = {61--64},
    keywords = {rbc, red blood cell, reduced-order model, resolved cfd-dem}
}

@article{Bernabeu2020AbnormalOxygenation,
    title = {{Abnormal morphology biases hematocrit distribution in tumor vasculature and contributes to heterogeneity in tissue oxygenation}},
    year = {2020},
    journal = {Proceedings of the National Academy of Sciences},
    author = {Bernabeu, Miguel O. and K{\"{o}}ry, Jakub and Grogan, James A. and Markelc, Bostjan and Beardo, Albert and D’Avezac, Mayeul and Enjalbert, Romain and Kaeppler, Jakob and Daly, Nicholas and Hetherington, James and Kr{\"{u}}ger, Timm and Maini, Philip K. and Pitt-Francis, Joe M. and Muschel, Ruth J. and Alarc{\'{o}}n, Tomás and Byrne, Helen M.},
    number = {45},
    month = {11},
    pages = {27811--27819},
    volume = {117},
    url = {http://www.pnas.org/lookup/doi/10.1073/pnas.2007770117},
    doi = {10.1073/pnas.2007770117},
    issn = {0027-8424}
}

@article{Balogh2018AnalysisNetworks,
    title = {{Analysis of red blood cell partitioning at bifurcations in simulated microvascular networks}},
    year = {2018},
    journal = {Physics of Fluids},
    author = {Balogh, Peter and Bagchi, Prosenjit},
    number = {5},
    month = {5},
    pages = {051902},
    volume = {30},
    url = {http://dx.doi.org/10.1063/1.5024783 https://www.sciencedaily.com/releases/2018/05/180521164540.htm http://aip.scitation.org/doi/10.1063/1.5024783},
    doi = {10.1063/1.5024783},
    issn = {1070-6631}
}

@article{Zhou2020AssociationNetworks,
    title = {{Association between erythrocyte dynamics and vessel remodelling in developmental vascular networks}},
    year = {2020},
    journal = {bioRxiv},
    author = {Zhou, Qi and Perovic, Tijana and Fechner, Ines and Edgar, Lowell T and Hoskins, Peter R and Gerhardt, Holger and Kr{\"{u}}ger, Timm and Bernabeu, Miguel O},
    url = {https://doi.org/10.1101/2020.05.21.106914}
}

@article{Pries1996BiophysicalMicrovasculature,
    title = {{Biophysical aspects of blood flow in the microvasculature}},
    year = {1996},
    journal = {Cardiovascular Research},
    author = {Pries, A},
    number = {4},
    month = {10},
    pages = {654--667},
    volume = {32},
    url = {http://linkinghub.elsevier.com/retrieve/pii/000863639600065X},
    doi = {10.1016/0008-6363(96)00065-X},
    issn = {00086363},
    pmid = {8915184},
    keywords = {Blood flow, Microcirculation, Red blood cells, Viscosity}
}

@incollection{Pries2008BloodNetworks,
    title = {{Blood Flow in Microvascular Networks}},
    year = {2008},
    booktitle = {Microcirculation},
    author = {Pries, Axel R and Secomb, Timothy W},
    chapter = {1},
    pages = {3--36},
    publisher = {Elsevier},
    url = {https://linkinghub.elsevier.com/retrieve/pii/B9780123745309000012},
    isbn = {0891-6640 (Print)},
    doi = {10.1016/B978-0-12-374530-9.00001-2}
}

@article{Pries1990BloodSimulation.,
    title = {{Blood flow in microvascular networks. Experiments and simulation.}},
    year = {1990},
    journal = {Circulation Research},
    author = {Pries, Axel R. and Secomb, Timothy W. and Gaehtgens, P and Gross, J F},
    number = {4},
    month = {10},
    pages = {826--834},
    volume = {67},
    publisher = {Elsevier},
    url = {https://linkinghub.elsevier.com/retrieve/pii/B9780123745309000012 https://www.ahajournals.org/doi/10.1161/01.RES.67.4.826},
    isbn = {9780123745309},
    doi = {10.1161/01.RES.67.4.826},
    issn = {0009-7330}
}

@article{Secomb2017BloodMicrocirculation,
    title = {{Blood Flow in the Microcirculation}},
    year = {2017},
    journal = {Annual Review of Fluid Mechanics},
    author = {Secomb, Timothy W.},
    number = {1},
    month = {1},
    pages = {443--461},
    volume = {49},
    url = {http://www.annualreviews.org/doi/10.1146/annurev-fluid-010816-060302},
    doi = {10.1146/annurev-fluid-010816-060302},
    issn = {0066-4189},
    keywords = {Capillary, Cell-free layer, Erythrocyte, Hematocrit, Red blood cell, Suspension}
}

@article{Pries1992BloodHematocrit,
    title = {{Blood viscosity in tube flow: dependence on diameter and hematocrit}},
    year = {1992},
    journal = {American Journal of Physiology-Heart and Circulatory Physiology},
    author = {Pries, A. R. and Neuhaus, D. and Gaehtgens, P.},
    number = {6},
    month = {12},
    pages = {H1770-H1778},
    volume = {263},
    url = {https://www.physiology.org/doi/10.1152/ajpheart.1992.263.6.H1770},
    doi = {10.1152/ajpheart.1992.263.6.H1770},
    issn = {0363-6135},
    pmid = {1481902},
    keywords = {Fahraeus-Lindqvist effect, blood viscosity, hemorheology}
}

@article{Villringer1994CapillaryStudy.,
    title = {{Capillary perfusion of the rat brain cortex. An in vivo confocal microscopy study.}},
    year = {1994},
    journal = {Circulation Research},
    author = {Villringer, Arno and Them, Andreas and Lindauer, Ute and Einh{\"{a}}upl, Karl and Dirnagl, Ulrich},
    number = {1},
    month = {7},
    pages = {55--62},
    volume = {75},
    url = {https://www.ahajournals.org/doi/10.1161/01.RES.75.1.55},
    doi = {10.1161/01.RES.75.1.55},
    issn = {0009-7330},
    pmid = {8013082},
    keywords = {capillary recruitment, cerebral blood flow, cerebral microcirculation, functional neuroimaging}
}

@article{FREUND2011CellularVessel,
    title = {{Cellular flow in a small blood vessel}},
    year = {2011},
    journal = {Journal of Fluid Mechanics},
    author = {FREUND, JONATHAN B. and ORESCANIN, M. M.},
    month = {3},
    pages = {466--490},
    volume = {671},
    url = {https://www.cambridge.org/core/product/identifier/S0022112010005835/type/journal_article},
    isbn = {0022112010005},
    doi = {10.1017/S0022112010005835},
    issn = {0022-1120},
    keywords = {blood flow, capsule/cell dynamics, particle/fluid flows}
}

@article{Stylianopoulos2013CombiningTumors,
    title = {{Combining two strategies to improve perfusion and drug delivery in solid tumors}},
    year = {2013},
    journal = {Proceedings of the National Academy of Sciences},
    author = {Stylianopoulos, Triantafyllos and Jain, Rakesh K.},
    number = {46},
    month = {11},
    pages = {18632--18637},
    volume = {110},
    url = {http://www.pnas.org/cgi/doi/10.1073/pnas.1318415110},
    isbn = {1863218637},
    doi = {10.1073/pnas.1318415110},
    issn = {0027-8424},
    pmid = {24167277},
    keywords = {Mathematical modeling, Mechanical forces, Tumor microenvironment, Vessel decompression, Vessel permeability}
}

@article{Zhou2020ComputationalNetworks,
    title = {{Computational Modelling of Cellular Blood Flow in Complex Vascular Networks}},
    year = {2020},
    author = {Zhou, Qi}
}

@article{Kopernik2019DevelopmentStenosis,
    title = {{Development of multi-phase models of blood flow for medium-sized vessels with stenosis}},
    year = {2019},
    journal = {Acta of Bioengineering and Biomechanics},
    author = {Kopernik, Magdalena and Tokarczyk, Paweł},
    number = {2},
    pages = {63--70},
    volume = {21},
    url = {http://www.actabio.pwr.wroc.pl/Vol21No2/28.pdf},
    doi = {10.5277/ABB-01326-2019-03},
    issn = {1509409X},
    pmid = {31741478},
    keywords = {Blood rheology, Fluid dynamics, Multi-phase model, Non-Newtonian blood model}
}

@article{Balogh2017DirectNetworks,
    title = {{Direct Numerical Simulation of Cellular-Scale Blood Flow in 3D Microvascular Networks}},
    year = {2017},
    journal = {Biophysical Journal},
    author = {Balogh, Peter and Bagchi, Prosenjit},
    number = {12},
    month = {12},
    pages = {2815--2826},
    volume = {113},
    publisher = {Biophysical Society},
    url = {https://doi.org/10.1016/j.bpj.2017.10.020 https://linkinghub.elsevier.com/retrieve/pii/S0006349517311359},
    doi = {10.1016/j.bpj.2017.10.020},
    issn = {00063495},
    pmid = {29262374}
}

@article{Yang2017EffectMicrovasculature,
    title = {{Effect of fractional blood flow on plasma skimming in the microvasculature}},
    year = {2017},
    journal = {Physical Review E},
    author = {Yang, Jiho and Yoo, Sung Sic and Lee, Tae-Rin},
    number = {4},
    month = {4},
    pages = {040401},
    volume = {95},
    url = {http://link.aps.org/doi/10.1103/PhysRevE.95.040401},
    doi = {10.1103/PhysRevE.95.040401},
    issn = {2470-0045},
    pmid = {28505807},
    arxivId = {1701.06267}
}

@article{Das1998EffectTubes,
    title = {{Effect of nonaxisymmetric hematocrit distribution on non-Newtonian blood flow in small tubes}},
    year = {1998},
    journal = {Biorheology},
    author = {Das, B. and Johnson, P. C. and Popel, A. S.},
    number = {1},
    pages = {69--87},
    volume = {35},
    doi = {10.1016/S0006-355X(98)00018-3},
    issn = {0006355X},
    pmid = {10211130},
    keywords = {Casson model, Mathematical model, Nonaxisymmetric hematocrit distribution, Quemada model, Red cell aggregation}
}

@article{Zhou2021EmergentBifurcations,
    title = {{Emergent cell-free layer asymmetry and biased haematocrit partition in a biomimetic vascular network of successive bifurcations}},
    year = {2021},
    journal = {Soft Matter},
    author = {Zhou, Qi and Fidalgo, Joana and Bernabeu, Miguel O and Oliveira, Mónica S N and Kr{\"{u}}ger, Timm},
    url = {http://xlink.rsc.org/?DOI=D0SM01845G},
    doi = {10.1039/D0SM01845G},
    issn = {1744-683X}
}

@article{Zhou2021EmergentBifurcationsb,
    title = {{Emergent cell-free layer asymmetry and biased haematocrit partition in a biomimetic vascular network of successive bifurcations}},
    year = {2021},
    journal = {Soft Matter},
    author = {Zhou, Qi and Fidalgo, Joana and Bernabeu, Miguel O. and Oliveira, Mónica S. N. and Kr{\"{u}}ger, Timm},
    url = {http://xlink.rsc.org/?DOI=D0SM01845G},
    doi = {10.1039/D0SM01845G},
    issn = {1744-683X}
}

@article{Vahidkhah2016FlowMicrovessels,
    title = {{Flow of Red Blood Cells in Stenosed Microvessels}},
    year = {2016},
    journal = {Scientific Reports},
    author = {Vahidkhah, Koohyar and Balogh, Peter and Bagchi, Prosenjit},
    number = {1},
    month = {9},
    pages = {28194},
    volume = {6},
    publisher = {Nature Publishing Group},
    url = {http://dx.doi.org/10.1038/srep28194 http://www.nature.com/articles/srep28194},
    doi = {10.1038/srep28194},
    issn = {2045-2322},
    pmid = {27319318}
}

@article{Roman2016GoingBifurcations,
    title = {{Going beyond 20 {$\mu$} m-sized channels for studying red blood cell phase separation in microfluidic bifurcations}},
    year = {2016},
    journal = {Biomicrofluidics},
    author = {Roman, Sophie and Merlo, Adlan and Duru, Paul and Risso, Frédéric and Lorthois, Sylvie},
    number = {3},
    month = {5},
    pages = {034103},
    volume = {10},
    url = {http://dx.doi.org/10.1063/1.4948955 http://aip.scitation.org/doi/10.1063/1.4948955},
    doi = {10.1063/1.4948955},
    issn = {1932-1058}
}

@article{Gould2015HematocritNetworks,
    title = {{Hematocrit Distribution and Tissue Oxygenation in Large Microcirculatory Networks}},
    year = {2015},
    journal = {Microcirculation},
    author = {Gould, Ian G. and Linninger, Andreas A.},
    number = {1},
    month = {1},
    pages = {1--18},
    volume = {22},
    url = {http://doi.wiley.com/10.1111/micc.12156 http://www.ncbi.nlm.nih.gov/pubmed/25040825},
    doi = {10.1111/micc.12156},
    issn = {10739688},
    pmid = {25040825},
    keywords = {Fahraeus effect, plasma skimming, tissue oxygenation}
}

@incollection{Secomb2016Hemodynamics,
    title = {{Hemodynamics}},
    year = {2016},
    booktitle = {Comprehensive Physiology},
    author = {Secomb, Timothy W.},
    number = {5},
    month = {3},
    pages = {975--1003},
    volume = {176},
    publisher = {John Wiley {\&} Sons, Inc.},
    url = {http://doi.wiley.com/10.1002/cphy.c150038},
    address = {Hoboken, NJ, USA},
    isbn = {0000000000},
    doi = {10.1002/cphy.c150038},
    keywords = {criteria pollutants, ozone, particulate matter}
}

@article{Liu2020HeterogeneousBifurcations,
    title = {{Heterogeneous partition of cellular blood-borne nanoparticles through microvascular bifurcations}},
    year = {2020},
    journal = {Physical Review E},
    author = {Liu, Zixiang L. and Clausen, Jonathan R. and Wagner, Justin L. and Butler, Kimberly S. and Bolintineanu, Dan S. and Lechman, Jeremy B. and Rao, Rekha R. and Aidun, Cyrus K.},
    number = {1},
    month = {7},
    pages = {013310},
    volume = {102},
    publisher = {American Physical Society},
    url = {https://link.aps.org/doi/10.1103/PhysRevE.102.013310},
    doi = {10.1103/PhysRevE.102.013310},
    issn = {2470-0045},
    pmid = {32795082},
    keywords = {doi:10.1103/PhysRevE.102.013310 url:https://doi.or}
}

@article{Joseph2019ImagingRetina,
    title = {{Imaging single-cell blood flow in the smallest to largest vessels in the living retina}},
    year = {2019},
    journal = {eLife},
    author = {Joseph, Aby and Guevara-Torres, Andres and Schallek, Jesse},
    month = {5},
    pages = {1--37},
    volume = {8},
    url = {https://elifesciences.org/articles/45077},
    doi = {10.7554/eLife.45077},
    issn = {2050-084X}
}

@article{Mantegazza2020InNetwork,
    title = {{In vitro investigations of red blood cell phase separation in a complex microchannel network}},
    year = {2020},
    journal = {Biomicrofluidics},
    author = {Mantegazza, A. and Clavica, F. and Obrist, D.},
    number = {1},
    month = {1},
    pages = {014101},
    volume = {14},
    publisher = {AIP Publishing LLC},
    url = {http://aip.scitation.org/doi/10.1063/1.5127840},
    doi = {10.1063/1.5127840},
    issn = {1932-1058}
}

@article{Yazdani2013InfluenceFlow,
    title = {{Influence of membrane viscosity on capsule dynamics in shear flow}},
    year = {2013},
    journal = {Journal of Fluid Mechanics},
    author = {Yazdani, Alireza and Bagchi, Prosenjit},
    month = {3},
    pages = {569--595},
    volume = {718},
    url = {https://www.cambridge.org/core/product/identifier/S0022112012006374/type/journal_article},
    doi = {10.1017/jfm.2012.637},
    issn = {0022-1120},
    keywords = {biological fluid dynamics, capsule/cell dynamics}
}

@article{Cordasco2014IntermittencyFlow,
    title = {{Intermittency and synchronized motion of red blood cell dynamics in shear flow}},
    year = {2014},
    journal = {Journal of Fluid Mechanics},
    author = {Cordasco, Daniel and Bagchi, Prosenjit},
    month = {11},
    pages = {472--488},
    volume = {759},
    url = {https://www.cambridge.org/core/product/identifier/S0022112014005874/type/journal_article},
    doi = {10.1017/jfm.2014.587},
    issn = {0022-1120},
    keywords = {Biological fluid dynamics, Blood flow, Capsule/cell dynamics}
}

@article{Shen2016InversionBifurcations,
    title = {{Inversion of hematocrit partition at microfluidic bifurcations}},
    year = {2016},
    journal = {Microvascular Research},
    author = {Shen, Zaiyi and Coupier, Gwennou and Kaoui, Badr and Polack, Benoît and Harting, Jens and Misbah, Chaouqi and Podgorski, Thomas},
    month = {5},
    pages = {40--46},
    volume = {105},
    url = {https://linkinghub.elsevier.com/retrieve/pii/S0026286215300479},
    doi = {10.1016/j.mvr.2015.12.009},
    issn = {00262862},
    pmid = {26744089},
    arxivId = {1601.02770},
    keywords = {Blood, Lattice Boltzmann method, Microcirculation, Microfluidics, Red blood cell}
}

@article{Barns2017InvestigationMethod,
    title = {{Investigation of red blood cell mechanical properties using AFM indentation and coarse-grained particle method}},
    year = {2017},
    journal = {BioMedical Engineering OnLine},
    author = {Barns, Sarah and Balanant, Marie Anne and Sauret, Emilie and Flower, Robert and Saha, Suvash and Gu, YuanTong},
    number = {1},
    month = {12},
    pages = {140},
    volume = {16},
    url = {https://biomedical-engineering-online.biomedcentral.com/articles/10.1186/s12938-017-0429-5},
    isbn = {1293801704},
    doi = {10.1186/s12938-017-0429-5},
    issn = {1475-925X},
    pmid = {29258590},
    keywords = {Atomic force microscopy (AFM), Coarse-grained particle method, Indentation, Numerical model, Red blood cell}
}

@article{Guevara-Torres2016LabelEye,
    title = {{Label free measurement of retinal blood cell flux, velocity, hematocrit and capillary width in the living mouse eye}},
    year = {2016},
    journal = {Biomedical Optics Express},
    author = {Guevara-Torres, A. and Joseph, A. and Schallek, J. B.},
    number = {10},
    month = {10},
    pages = {4228},
    volume = {7},
    url = {https://www.osapublishing.org/abstract.cfm?URI=boe-7-10-4228},
    doi = {10.1364/BOE.7.004228},
    issn = {2156-7085}
}

@article{Kihm2021LingeringFlow,
    title = {{Lingering Dynamics in Microvascular Blood Flow}},
    year = {2021},
    journal = {Biophysical Journal},
    author = {Kihm, Alexander and Quint, Stephan and Laschke, Matthias W and Menger, Michael D and John, Thomas and Kaestner, Lars and Wagner, Christian},
    number = {3},
    month = {2},
    pages = {432--439},
    volume = {120},
    publisher = {Biophysical Society},
    url = {https://doi.org/10.1016/j.bpj.2020.12.012 https://linkinghub.elsevier.com/retrieve/pii/S0006349520332173},
    doi = {10.1016/j.bpj.2020.12.012},
    issn = {00063495}
}

@article{Mantegazza2020LocalPartitioning,
    title = {{Local vs. Global Blood Flow Modulation in Artificial Microvascular Networks: Effects on Red Blood Cell Distribution and Partitioning}},
    year = {2020},
    journal = {Frontiers in Physiology},
    author = {Mantegazza, Alberto and Ungari, Matteo and Clavica, Francesco and Obrist, Dominik},
    number = {September},
    month = {9},
    volume = {11},
    url = {https://www.frontiersin.org/article/10.3389/fphys.2020.566273/full},
    doi = {10.3389/fphys.2020.566273},
    issn = {1664-042X},
    keywords = {cerebral blood flow, neurovascular coupling, pericytes, phase separa, phase separation, red blood cells}
}

@article{Sankar2015MathematicalContrictions,
    title = {{Mathematical Analysis of Single and Two-Phase Flow of Blood in Narrow Arteries with Multiple Contrictions}},
    year = {2015},
    journal = {Journal of Applied Fluid Mechanics},
    author = {Sankar, DS and Nagar, Atulya K. and Vanav kumar, A},
    number = {4},
    month = {10},
    pages = {871--883},
    volume = {8},
    url = {http://jafmonline.net/JournalArchive/download?file_ID=38045&issue_ID=223},
    doi = {10.18869/acadpub.jafm.67.223.23336},
    issn = {17353572},
    keywords = {Blood flow, Body acceleration, Comparative study, Multiplestenoses, Single-phase fluid flow, Two-phase fluid flow}
}

@article{C.Arciero2017MathematicalMicrocirculation,
    title = {{Mathematical methods for modeling the microcirculation}},
    year = {2017},
    journal = {AIMS Biophysics},
    author = {C. Arciero, Julia and Causin, Paola and Malgaroli, Francesca},
    number = {3},
    pages = {362--399},
    volume = {4},
    url = {http://www.aimspress.com/article/10.3934/biophy.2017.3.362},
    doi = {10.3934/biophy.2017.3.362},
    issn = {2377-9098},
    keywords = {Autoregulation, Blood flow, Fluid-structure interaction problems, Mathematical model, Microcirculation, Oxygen transport, Retinal microcirculation}
}

@article{Leighton1987MeasurementSpheres,
    title = {{Measurement of shear-induced self-diffusion in concentrated suspensions of spheres}},
    year = {1987},
    journal = {Journal of Fluid Mechanics},
    author = {Leighton, David and Acrivos, Andreas},
    month = {4},
    pages = {109--131},
    volume = {177},
    url = {https://www.cambridge.org/core/product/identifier/S0022112087000880/type/journal_article},
    doi = {10.1017/S0022112087000880},
    issn = {0022-1120}
}

@article{Kumar2012MechanismSuspensions,
    title = {{Mechanism of Margination in Confined Flows of Blood and Other Multicomponent Suspensions}},
    year = {2012},
    journal = {Physical Review Letters},
    author = {Kumar, Amit and Graham, Michael D.},
    number = {10},
    month = {9},
    pages = {108102},
    volume = {109},
    url = {https://link.aps.org/doi/10.1103/PhysRevLett.109.108102},
    doi = {10.1103/PhysRevLett.109.108102},
    issn = {0031-9007},
    arxivId = {1208.0943}
}

@article{Pries2005MicrovascularLayer,
    title = {{Microvascular blood viscosity in vivo and the endothelial surface layer}},
    year = {2005},
    journal = {American Journal of Physiology-Heart and Circulatory Physiology},
    author = {Pries, A. R. and Secomb, T. W.},
    number = {6},
    month = {12},
    pages = {H2657-H2664},
    volume = {289},
    url = {https://www.physiology.org/doi/10.1152/ajpheart.00297.2005},
    doi = {10.1152/ajpheart.00297.2005},
    issn = {0363-6135},
    pmid = {16040719},
    keywords = {Flow resistance, Glycocalyx, Hematocrit, Hemodynamics, Microcirculation, Red blood cell}
}

@article{Alexeev2019Mirheo:Microfluidics,
    title = {{Mirheo: High-Performance Mesoscale Simulations for Microfluidics}},
    year = {2019},
    journal = {Computer Physics Communications},
    author = {Alexeev, Dmitry and Amoudruz, Lucas and Litvinov, Sergey and Koumoutsakos, Petros},
    month = {11},
    pages = {107298},
    volume = {254},
    publisher = {Elsevier B.V.},
    url = {https://doi.org/10.1016/j.cpc.2020.107298 https://linkinghub.elsevier.com/retrieve/pii/S001046552030093X http://arxiv.org/abs/1911.04712 http://dx.doi.org/10.1016/j.cpc.2020.107298},
    doi = {10.1016/j.cpc.2020.107298},
    issn = {00104655},
    arxivId = {1911.04712},
    keywords = {Dissipative particle dynamics, GPU computing, High-performance computing, Microfluidics, Red blood cell}
}

@article{Gompper2016ModelingPerspectives,
    title = {{Modeling microcirculatory blood flow: current state and future perspectives}},
    year = {2016},
    journal = {Wiley Interdisciplinary Reviews: Systems Biology and Medicine},
    author = {Gompper, Gerhard and Fedosov, Dmitry A.},
    number = {2},
    month = {3},
    pages = {157--168},
    volume = {8},
    url = {http://doi.wiley.com/10.1002/wsbm.1326},
    doi = {10.1002/wsbm.1326},
    issn = {19395094},
    pmid = {26695350}
}

@article{Rasmussen2018ModelingModel,
    title = {{Modeling the hematocrit distribution in microcirculatory networks: A quantitative evaluation of a phase separation model}},
    year = {2018},
    journal = {Microcirculation},
    author = {Rasmussen, Peter M. and Secomb, Timothy W. and Pries, Axel R.},
    number = {3},
    month = {4},
    pages = {e12445},
    volume = {25},
    url = {http://doi.wiley.com/10.1111/micc.12445},
    doi = {10.1111/micc.12445},
    issn = {10739688},
    pmid = {29457313},
    keywords = {Bayesian inference, flow simulation, microcirculatory measurements, phase separation effect, quantitative model evaluation}
}

@article{Wang2016MotionInertia,
    title = {{Motion of a spherical capsule in branched tube flow with finite inertia}},
    year = {2016},
    journal = {Journal of Fluid Mechanics},
    author = {Wang, Z. and Sui, Y. and Salsac, A.-V. and Barth{\`{e}}s-Biesel, D. and Wang, W.},
    month = {11},
    pages = {603--626},
    volume = {806},
    url = {https://www.cambridge.org/core/product/identifier/S0022112016006030/type/journal_article},
    doi = {10.1017/jfm.2016.603},
    issn = {0022-1120},
    keywords = {Biological fluid dynamics, capsule/cell dynamics}
}

@article{Ye2019MotionBifurcations,
    title = {{Motion, deformation, and aggregation of multiple red blood cells in three-dimensional microvessel bifurcations}},
    year = {2019},
    journal = {Physics of Fluids},
    author = {Ye, Ting and Peng, Lina},
    number = {2},
    month = {2},
    pages = {021903},
    volume = {31},
    url = {http://dx.doi.org/10.1063/1.5079836 http://aip.scitation.org/doi/10.1063/1.5079836},
    doi = {10.1063/1.5079836},
    issn = {1070-6631}
}

@article{Yin2013MultipleSeparation,
    title = {{Multiple red blood cell flows through microvascular bifurcations: Cell free layer, cell trajectory, and hematocrit separation}},
    year = {2013},
    journal = {Microvascular Research},
    author = {Yin, Xuewen and Thomas, Tancred and Zhang, Junfeng},
    month = {9},
    pages = {47--56},
    volume = {89},
    publisher = {Elsevier Inc.},
    url = {http://dx.doi.org/10.1016/j.mvr.2013.05.002 https://linkinghub.elsevier.com/retrieve/pii/S002628621300071X},
    doi = {10.1016/j.mvr.2013.05.002},
    issn = {00262862},
    pmid = {23727384}
}

@article{Jain2005NormalizationTherapy,
    title = {{Normalization of Tumor Vasculature: An Emerging Concept in Antiangiogenic Therapy}},
    year = {2005},
    journal = {Science},
    author = {Jain, Rakesh K.},
    number = {5706},
    month = {1},
    pages = {58--62},
    volume = {307},
    url = {https://www.sciencemag.org/lookup/doi/10.1126/science.1104819},
    doi = {10.1126/science.1104819},
    issn = {0036-8075},
    pmid = {15637262}
}

@article{Hyakutake2015NumericalBifurcations,
    title = {{Numerical simulation of red blood cell distributions in three-dimensional microvascular bifurcations}},
    year = {2015},
    journal = {Microvascular Research},
    author = {Hyakutake, Toru and Nagai, Shinya},
    month = {1},
    pages = {115--123},
    volume = {97},
    publisher = {Elsevier Inc.},
    url = {http://dx.doi.org/10.1016/j.mvr.2014.10.001 https://linkinghub.elsevier.com/retrieve/pii/S0026286214001587},
    doi = {10.1016/j.mvr.2014.10.001},
    issn = {00262862},
    pmid = {25446286},
    keywords = {Immersed boundary method, Lattice Boltzmann method, Microvascular bifurcation, Numerical simulation, Red blood cell}
}

@article{Cannon1929ORGANIZATIONHOMEOSTASIS,
    title = {{ORGANIZATION FOR PHYSIOLOGICAL HOMEOSTASIS}},
    year = {1929},
    journal = {Physiological Reviews},
    author = {Cannon, Walter B.},
    number = {3},
    month = {7},
    pages = {399--431},
    volume = {9},
    url = {https://doi.org/10.1152/physrev.1929.9.3.399 https://www.physiology.org/doi/10.1152/physrev.1929.9.3.399},
    isbn = {0393002055},
    doi = {10.1152/physrev.1929.9.3.399},
    issn = {0031-9333}
}

@article{Wang2018PathDevice,
    title = {{Path selection of a spherical capsule in a microfluidic branched channel: towards the design of an enrichment device}},
    year = {2018},
    journal = {Journal of Fluid Mechanics},
    author = {Wang, Z. and Sui, Y. and Salsac, A.-V. and Barth{\`{e}}s-Biesel, D. and Wang, W.},
    month = {8},
    pages = {136--162},
    volume = {849},
    url = {https://www.cambridge.org/core/product/identifier/S0022112018004147/type/journal_article},
    doi = {10.1017/jfm.2018.414},
    issn = {0022-1120},
    keywords = {biological fluid dynamics, capsule/cell dynamics}
}

@article{Jung1971PermeabilitySugars,
    title = {{Permeability of bimolecular membranes made from lipid extracts of human red cell ghosts to sugars}},
    year = {1971},
    journal = {The Journal of Membrane Biology},
    author = {Jung, Chan Y.},
    number = {2},
    month = {6},
    pages = {200--214},
    volume = {5},
    url = {http://link.springer.com/10.1007/BF02107724},
    doi = {10.1007/BF02107724},
    issn = {0022-2631}
}

@article{Pawlik1981QuantitativeStudy,
    title = {{Quantitative capillary topography and blood flow in the cerebral cortex of cats: an in vivo microscopic study}},
    year = {1981},
    journal = {Brain Research},
    author = {Pawlik, Gunter and Rackl, Angelika and Bing, Richard J.},
    number = {1},
    month = {3},
    pages = {35--58},
    volume = {208},
    url = {https://linkinghub.elsevier.com/retrieve/pii/0006899381906193},
    doi = {10.1016/0006-8993(81)90619-3},
    issn = {00068993},
    pmid = {7470927},
    keywords = {- extreme, capillary morphometry - -, capillary red cell velocity, capillary topography --, capillary tortuosity - -, cerebral microcirculation - -, frequency response, microtransillumination - - cortical, value distribution -- interaction}
}

@article{Ye2019RedBifurcations,
    title = {{Red blood cell distribution in a microvascular network with successive bifurcations}},
    year = {2019},
    journal = {Biomechanics and Modeling in Mechanobiology},
    author = {Ye, Ting and Peng, Lina and Li, Guansheng},
    number = {6},
    month = {12},
    pages = {1821--1835},
    volume = {18},
    publisher = {Springer Berlin Heidelberg},
    url = {https://doi.org/10.1007/s10237-019-01179-5 http://link.springer.com/10.1007/s10237-019-01179-5},
    isbn = {1023701901},
    doi = {10.1007/s10237-019-01179-5},
    issn = {1617-7959},
    pmid = {31161352},
    keywords = {Cell distribution, Immersed boundary method, Microvascular network, Red blood cells, Smoothed dissipative particle dynamics}
}

@article{Pries1989RedBifurcations,
    title = {{Red cell distribution at microvascular bifurcations}},
    year = {1989},
    journal = {Microvascular Research},
    author = {Pries, A.R. and Ley, K. and Claassen, M. and Gaehtgens, P.},
    number = {1},
    month = {7},
    pages = {81--101},
    volume = {38},
    url = {https://linkinghub.elsevier.com/retrieve/pii/0026286289900186},
    doi = {10.1016/0026-2862(89)90018-6},
    issn = {00262862},
    pmid = {2761434}
}

@article{Chang1984RedCat,
    title = {{Red cell velocity and autoregulation in the cerebral cortex of the cat}},
    year = {1984},
    journal = {Brain Research},
    author = {Chang, B.L. and Santillan, G. and Bing, R.J.},
    number = {1},
    month = {8},
    pages = {15--24},
    volume = {308},
    url = {https://linkinghub.elsevier.com/retrieve/pii/0006899384909120},
    doi = {10.1016/0006-8993(84)90912-0},
    issn = {00068993},
    pmid = {6478200},
    keywords = {autoregulation, cerebral microcirculation, craniotomy, radiolabeled microspheres, red cell velocity}
}

@article{Adjoua2019ReducedorderScales,
    title = {{Reduced‐order modeling of hemodynamics across macroscopic through mesoscopic circulation scales}},
    year = {2019},
    journal = {International Journal for Numerical Methods in Biomedical Engineering},
    author = {Adjoua, Olivier and Pitre‐Champagnat, Stéphanie and Lucor, Didier},
    number = {12},
    month = {12},
    volume = {35},
    url = {https://onlinelibrary.wiley.com/doi/abs/10.1002/cnm.3274},
    doi = {10.1002/cnm.3274},
    issn = {2040-7939},
    pmid = {31680447},
    arxivId = {1907.11439},
    keywords = {F{\aa}rh{\ae}us-Lindqvist effect, hemodynamics, microcirculation, multiscale, pulsatility, reduced-order modeling}
}

@article{Pries1994ResistanceVivo.,
    title = {{Resistance to blood flow in microvessels in vivo.}},
    year = {1994},
    journal = {Circulation Research},
    author = {Pries, A. R. and Secomb, T. W. and Gessner, T and Sperandio, M. B. and Gross, J. F. and Gaehtgens, P.},
    number = {5},
    month = {11},
    pages = {904--915},
    volume = {75},
    url = {https://www.ahajournals.org/doi/10.1161/01.RES.75.5.904},
    doi = {10.1161/01.RES.75.5.904},
    issn = {0009-7330},
    pmid = {7923637},
    keywords = {blood viscosity, hematocrit, microvascular networks, peripheral resistance, pressure drop}
}

@article{Barber2011SimulatedPartitioning,
    title = {{Simulated Red Blood Cell Motion in Microvessel Bifurcations: Effects of Cell–Cell Interactions on Cell Partitioning}},
    year = {2011},
    journal = {Cardiovascular Engineering and Technology},
    author = {Barber, Jared O. and Restrepo, Juan M. and Secomb, Timothy W.},
    number = {4},
    month = {12},
    pages = {349--360},
    volume = {2},
    url = {http://link.springer.com/10.1007/s13239-011-0064-4},
    doi = {10.1007/s13239-011-0064-4},
    issn = {1869-408X},
    keywords = {Bifurcation, Capillary flow, Erythrocyte mechanics, Microvessel, Phase separation}
}

@article{Barber2008SimulatedBifurcations,
    title = {{Simulated Two-dimensional Red Blood Cell Motion, Deformation, and Partitioning in Microvessel Bifurcations}},
    year = {2008},
    journal = {Annals of Biomedical Engineering},
    author = {Barber, Jared O. and Alberding, Jonathan P. and Restrepo, Juan M. and Secomb, Timothy W.},
    number = {10},
    month = {10},
    pages = {1690--1698},
    volume = {36},
    url = {http://link.springer.com/10.1007/s10439-008-9546-4},
    doi = {10.1007/s10439-008-9546-4},
    issn = {0090-6964},
    pmid = {18686035},
    keywords = {Bifurcation, Capillary flow, Erythrocyte mechanics, Microvessel, Phase separation}
}

@article{DOYEUX2011SpheresEffect,
    title = {{Spheres in the vicinity of a bifurcation: elucidating the Zweifach–Fung effect}},
    year = {2011},
    journal = {Journal of Fluid Mechanics},
    author = {DOYEUX, V. and PODGORSKI, T. and PEPONAS, S. and ISMAIL, M. and COUPIER, G.},
    month = {5},
    pages = {359--388},
    volume = {674},
    url = {https://www.cambridge.org/core/product/identifier/S0022112010006567/type/journal_article},
    doi = {10.1017/S0022112010006567},
    issn = {0022-1120},
    arxivId = {1012.4449},
    keywords = {blood flow, microfluidics, particle/fluid flows}
}

@article{Fung1973StochasticVessels,
    title = {{Stochastic flow in capillary blood vessels}},
    year = {1973},
    journal = {Microvascular Research},
    author = {Fung, Yuan-Cheng},
    number = {1},
    month = {1},
    pages = {34--48},
    volume = {5},
    url = {https://linkinghub.elsevier.com/retrieve/pii/S0026286273800056},
    doi = {10.1016/S0026-2862(73)80005-6},
    issn = {00262862},
    pmid = {4684755}
}

@article{Krogh1921StudiesCapillaries,
    title = {{Studies on the physiology of capillaries}},
    year = {1921},
    journal = {The Journal of Physiology},
    author = {Krogh, August},
    number = {5-6},
    month = {11},
    pages = {412--422},
    volume = {55},
    url = {http://doi.wiley.com/10.1113/jphysiol.1921.sp001985},
    doi = {10.1113/jphysiol.1921.sp001985},
    issn = {00223751}
}

@article{Balogh2019TheNetworks,
    title = {{The cell-free layer in simulated microvascular networks}},
    year = {2019},
    journal = {Journal of Fluid Mechanics},
    author = {Balogh, Peter and Bagchi, Prosenjit},
    month = {4},
    pages = {768--806},
    volume = {864},
    url = {https://www.cambridge.org/core/product/identifier/S0022112019000454/type/journal_article},
    doi = {10.1017/jfm.2019.45},
    issn = {0022-1120},
    keywords = {blood flow, capsule/cell dynamics}
}

@article{Pries2000TheLayer,
    title = {{The endothelial surface layer}},
    year = {2000},
    journal = {Pfl{\"{u}}gers Archiv - European Journal of Physiology},
    author = {Pries, A.R. and Secomb, T.W. and Gaehtgens, P.},
    number = {5},
    month = {9},
    pages = {653--666},
    volume = {440},
    url = {http://link.springer.com/10.1007/s004240000307},
    doi = {10.1007/s004240000307},
    issn = {0031-6768},
    pmid = {11007304},
    keywords = {Biophysical properties, Endothelial surface layer, Fluid and solute exchange}
}

@article{Leighton1987TheSuspensions,
    title = {{The shear-induced migration of particles in concentrated suspensions}},
    year = {1987},
    journal = {Journal of Fluid Mechanics},
    author = {Leighton, David and Acrivos, Andreas},
    number = {-1},
    month = {9},
    pages = {415},
    volume = {181},
    url = {http://www.journals.cambridge.org/abstract_S0022112087002155},
    doi = {10.1017/S0022112087002155},
    issn = {0022-1120}
}

@article{Fahrus1931THETUBES,
    title = {{THE VISCOSITY OF THE BLOOD IN NARROW CAPILLARY TUBES}},
    year = {1931},
    journal = {American Journal of Physiology-Legacy Content},
    author = {F{\aa}hr{\ae}us, Robin and Lindqvist, Torsten},
    number = {3},
    month = {3},
    pages = {562--568},
    volume = {96},
    url = {https://www.physiology.org/doi/10.1152/ajplegacy.1931.96.3.562},
    doi = {10.1152/ajplegacy.1931.96.3.562},
    issn = {0002-9513}
}

@article{Xiong2012Two-dimensionalEffects,
    title = {{Two-dimensional lattice Boltzmann study of red blood cell motion through microvascular bifurcation: cell deformability and suspending viscosity effects}},
    year = {2012},
    journal = {Biomechanics and Modeling in Mechanobiology},
    author = {Xiong, Wenjuan and Zhang, Junfeng},
    number = {3-4},
    month = {3},
    pages = {575--583},
    volume = {11},
    url = {http://link.springer.com/10.1007/s10237-011-0334-y},
    isbn = {1023701103},
    doi = {10.1007/s10237-011-0334-y},
    issn = {1617-7959},
    pmid = {21744014},
    keywords = {Bifurcated microvessels, Blood flow, Erythrocyte, Hemodynamics, Immersed boundary method, Lattice Boltzmann method, Microcirculation}
}

@article{Enjalbert2020VesselModel,
    title = {{Vessel compression biases red blood cell partitioning at bifurcations in a haematocrit-dependent manner : implications for tumour blood flow Physical model}},
    year = {2020},
    author = {Enjalbert, Romain and Hardman, David and Kr, Timm},
    pages = {1--21}
}