@article{AnnualReview,
title = {{Blood Flow in the Microcirculation}},
year = {2017},
journal = {Annual Review of Fluid Mechanics},
author = {Secomb, Timothy W.},
pages = {443--461},
volume = {49},
doi = {10.1146/annurev-fluid-010816-060302},
issn = {00664189},
keywords = {Capillary, Cell-free layer, Erythrocyte, Hematocrit, Red blood cell, Suspension}
}

@article{JainAntiangiogenic,
title = {{Normalization of Tumor Vasculature: An Emerging Concept in Antiangiogenic Therapy}},
year = {2005},
journal = {Science},
author = {Jain, Rakesh K.},
number = {5706},
month = {1},
pages = {58--62},
volume = {307},
url = {https://www.sciencemag.org/lookup/doi/10.1126/science.1104819},
doi = {10.1126/science.1104819},
issn = {0036-8075},
pmid = {15637262}
}


@article{Triantafyllos,
title = {{Combining two strategies to improve perfusion and drug delivery in solid tumors}},
year = {2013},
journal = {Proceedings of the National Academy of Sciences},
author = {Stylianopoulos, Triantafyllos and Jain, Rakesh K.},
number = {46},
month = {11},
pages = {18632--18637},
volume = {110},
url = {http://www.pnas.org/cgi/doi/10.1073/pnas.1318415110},
isbn = {1863218637},
doi = {10.1073/pnas.1318415110},
issn = {0027-8424},
pmid = {24167277},
keywords = {Mathematical modeling, Mechanical forces, Tumor microenvironment, Vessel decompression, Vessel permeability}
}

@article{2020Charles,
journal = {bioRxiv},
year = {2020},
title = {Association between erythrocyte dynamics and vessel remodelling in developmental vascular networks},
author = {Qi Zhou},
doi = {10.1101/2020.05.21.106914},
url = {https://www.biorxiv.org/content/10.1101/2020.05.21.106914v2},
language = {eng},
}

@article{BaloghPeter2019,
title = {{The cell-free layer in simulated microvascular networks}},
year = {2019},
journal = {Journal of Fluid Mechanics},
author = {Balogh, Peter and Bagchi, Prosenjit},
month = {4},
pages = {768--806},
volume = {864},
url = {https://www.cambridge.org/core/product/identifier/S0022112019000454/type/journal_article},
doi = {10.1017/jfm.2019.45},
issn = {0022-1120},
keywords = {blood flow, capsule/cell dynamics}
}

@article{BarnsSarah2017,
title = {{Investigation of red blood cell mechanical properties using AFM indentation and coarse-grained particle method}},
year = {2017},
journal = {BioMedical Engineering OnLine},
author = {Barns, Sarah and Balanant, Marie Anne and Sauret, Emilie and Flower, Robert and Saha, Suvash and Gu, YuanTong},
number = {1},
month = {12},
pages = {140},
volume = {16},
url = {https://biomedical-engineering-online.biomedcentral.com/articles/10.1186/s12938-017-0429-5},
isbn = {1293801704},
doi = {10.1186/s12938-017-0429-5},
issn = {1475-925X},
pmid = {29258590},
keywords = {Atomic force microscopy (AFM), Coarse-grained particle method, Indentation, Numerical model, Red blood cell}
}

@incollection{BloodFlowSecomb,
title = {{Blood Flow in Microvascular Networks}},
year = {2008},
booktitle = {Microcirculation},
author = {Pries, Axel R. and Secomb, Timothy W},
chapter = {1},
pages = {3--36},
publisher = {Elsevier},
url = {https://linkinghub.elsevier.com/retrieve/pii/B9780123745309000012},
isbn = {0891-6640 (Print)},
doi = {10.1016/B978-0-12-374530-9.00001-2}
}

% This reference is not included at the moment.
@article{VahidkhahKoohyar2016,
title = {{Flow of Red Blood Cells in Stenosed Microvessels}},
year = {2016},
journal = {Scientific Reports},
author = {Vahidkhah, Koohyar and Balogh, Peter and Bagchi, Prosenjit},
number = {1},
month = {9},
pages = {28194},
volume = {6},
publisher = {Nature Publishing Group},
url = {http://dx.doi.org/10.1038/srep28194 http://www.nature.com/articles/srep28194},
doi = {10.1038/srep28194},
issn = {2045-2322},
pmid = {27319318}
}

@article{GlobalBurdenofCancer,
issn = {2374-2437},
journal = {JAMA oncology},
pages = {505--527},
volume = {1},
publisher = {American Medical Association},
number = {4},
year = {2015},
title = "{The Global Burden of Cancer 2013}",
copyright = {info:eu-repo/semantics/openAccess},
language = {eng},
address = {United States},
author = {Fitzmaurice, Christina and Dicker, Daniel and Pain, Amanda and Hamavid},
organization = {Global Burden of Disease Cancer Collaboration},
url = {https://www.ncbi.nlm.nih.gov/pmc/articles/PMC4500822/}
}


@article{Mantegazza2020,
title = {{In vitro investigations of red blood cell phase separation in a complex microchannel network}},
year = {2020},
journal = {Biomicrofluidics},
author = {Mantegazza, A. and Clavica, F. and Obrist, D.},
number = {1},
month = {1},
pages = {014101},
volume = {14},
publisher = {AIP Publishing LLC},
url = {http://aip.scitation.org/doi/10.1063/1.5127840},
doi = {10.1063/1.5127840},
issn = {1932-1058}
}

@article{Balogh2018,
title = {{Analysis of red blood cell partitioning at bifurcations in simulated microvascular networks}},
year = {2018},
journal = {Physics of Fluids},
author = {Balogh, Peter and Bagchi, Prosenjit},
number = {5},
month = {5},
pages = {051902},
volume = {30},
url = {http://dx.doi.org/10.1063/1.5024783 https://www.sciencedaily.com/releases/2018/05/180521164540.htm http://aip.scitation.org/doi/10.1063/1.5024783},
doi = {10.1063/1.5024783},
issn = {1070-6631}
}

@article{Fahraeus,
author = {FÃ¥hraeus, Robin},
title = "{The Suspension Stability of the Blood}",
journal = {Physiological Reviews},
volume = {9},
number = {2},
pages = {241-274},
year = {1929},
doi = {10.1152/physrev.1929.9.2.241},
URL = {https://doi.org/10.1152/physrev.1929.9.2.241}
}

% This reference is not included at the moment.
@article{KumarAmit2012Momi,
title = {{Mechanism of Margination in Confined Flows of Blood and Other Multicomponent Suspensions}},
year = {2012},
journal = {Physical Review Letters},
author = {Kumar, Amit and Graham, Michael D.},
number = {10},
month = {9},
pages = {108102},
volume = {109},
url = {https://link.aps.org/doi/10.1103/PhysRevLett.109.108102},
doi = {10.1103/PhysRevLett.109.108102},
issn = {0031-9007},
arxivId = {1208.0943}
}



@article{FungYuan-Cheng1973Sfic,
title = {{Stochastic flow in capillary blood vessels}},
year = {1973},
journal = {Microvascular Research},
author = {Fung, Yuan-Cheng},
number = {1},
month = {1},
pages = {34--48},
volume = {5},
url = {https://linkinghub.elsevier.com/retrieve/pii/S0026286273800056},
doi = {10.1016/S0026-2862(73)80005-6},
issn = {00262862},
pmid = {4684755}
}

@article{A.R.Pries2005Mbvi,
title = {{Microvascular blood viscosity in vivo and the endothelial surface layer}},
year = {2005},
journal = {American Journal of Physiology-Heart and Circulatory Physiology},
author = {Pries, A. R. and Secomb, T. W.},
number = {6},
month = {12},
pages = {H2657-H2664},
volume = {289},
url = {https://www.physiology.org/doi/10.1152/ajpheart.00297.2005},
doi = {10.1152/ajpheart.00297.2005},
issn = {0363-6135},
pmid = {16040719},
keywords = {Flow resistance, Glycocalyx, Hematocrit, Hemodynamics, Microcirculation, Red blood cell}
}

@article{PriesAR1994RtBF,
title = {{Resistance to blood flow in microvessels in vivo.}},
year = {1994},
journal = {Circulation Research},
author = {Pries, A. R. and Secomb, T. W. and Gessner, T and Sperandio, M. B. and Gross, J. F. and Gaehtgens, P.},
number = {5},
month = {11},
pages = {904--915},
volume = {75},
url = {https://www.ahajournals.org/doi/10.1161/01.RES.75.5.904},
doi = {10.1161/01.RES.75.5.904},
issn = {0009-7330},
pmid = {7923637},
keywords = {blood viscosity, hematocrit, microvascular networks, peripheral resistance, pressure drop}
}

@article{PriesAR1990BFiM,
issn = {0009-7330},
journal = {Circulation research},
pages = {826--834},
volume = {67},
publisher = {American Heart Association, Inc},
number = {4},
year = {1990},
title = {Blood Flow in Microvascular Networks Experiments and Simulation},
copyright = {1990 American Heart Association, Inc.},
language = {eng},
address = {Hagerstown, MD},
author = {Pries, A R and Secomb, T W and Gaehtgens, P and Gross, J F}
}


@article {Romain2020,
author = {Enjalbert, Romain and Hardman, David and Kr{\"u}ger, Timm and Bernabeu, Miguel O.},
title = {Vessel compression biases red blood cell partitioning at bifurcations in a haematocrit-dependent manner: implications for tumour blood flow},
elocation-id = {2020.11.25.398297},
year = {2020},
doi = {10.1101/2020.11.25.398297},
publisher = {Cold Spring Harbor Laboratory},
URL = {https://www.biorxiv.org/content/early/2020/11/27/2020.11.25.398297},
journal = {bioRxiv}
}

@article{JosephAby2019Isbf,
issn = {2050-084X},
journal = {eLife},
volume = {8},
publisher = {eLife Sciences Publications Ltd},
year = {2019},
title = {Imaging single-cell blood flow in the smallest to largest vessels in the living retina},
copyright = {2019, Joseph et al.},
language = {eng},
address = {England},
author = {Joseph, Aby and Guevara-Torres, Andres and Schallek, Jesse}
}

@article{PoiseuilleLaw,
issn = {0066-4189},
journal = {Annual review of fluid mechanics},
pages = {1--20},
volume = {25},
publisher = {Annual Reviews},
number = {1},
year = {1993},
title = {The History of Poiseuille's Law},
copyright = {Copyright 2005 Elsevier B.V., All rights reserved.},
language = {eng},
address = {Palo Alto, CA 94303-0139},
author = {Sutera, S P and Skalak, R},
}

@article{Pries1992BloodHematocrit,
title = {{Blood viscosity in tube flow: dependence on diameter and hematocrit}},
year = {1992},
journal = {American Journal of Physiology-Heart and Circulatory Physiology},
author = {Pries, A. R. and Neuhaus, D. and Gaehtgens, P.},
number = {6},
month = {12},
pages = {H1770-H1778},
volume = {263},
url = {https://www.physiology.org/doi/10.1152/ajpheart.1992.263.6.H1770},
doi = {10.1152/ajpheart.1992.263.6.H1770},
issn = {0363-6135},
pmid = {1481902},
keywords = {Fahraeus-Lindqvist effect, blood viscosity, hemorheology}
}

@article{Fahrus1931THETUBES,
title = {{THE VISCOSITY OF THE BLOOD IN NARROW CAPILLARY TUBES}},
year = {1931},
journal = {American Journal of Physiology-Legacy Content},
author = {F{\aa}hr{\ae}us, Robin and Lindqvist, Torsten},
number = {3},
month = {3},
pages = {562--568},
volume = {96},
url = {https://www.physiology.org/doi/10.1152/ajplegacy.1931.96.3.562},
doi = {10.1152/ajplegacy.1931.96.3.562},
issn = {0002-9513}
}

@article{Guevara-Torres2016,
author = {A. Guevara-Torres and A. Joseph and J. B. Schallek},
journal = {Biomed. Opt. Express},
number = {10},
pages = {4228--4249},
publisher = {OSA},
title = {Label free measurement of retinal blood cell flux, velocity, hematocrit and capillary width in the living mouse eye},
volume = {7},
month = {Oct},
year = {2016},
url = {http://www.osapublishing.org/boe/abstract.cfm?URI=boe-7-10-4228},
doi = {10.1364/BOE.7.004228}
}

@article{PRIES198981,
title = {Red cell distribution at microvascular bifurcations},
journal = {Microvascular Research},
volume = {38},
number = {1},
pages = {81-101},
year = {1989},
issn = {0026-2862},
doi = {https://doi.org/10.1016/0026-2862(89)90018-6},
url = {https://www.sciencedirect.com/science/article/pii/0026286289900186},
author = {A.R. Pries and K. Ley and M. Claassen and P. Gaehtgens}
}

@article{Bernabeu2014,
author = {Bernabeu, Miguel O.  and Jones, Martin L.  and Nielsen, Jens H.  and KrÃ¼ger, Timm  and Nash, Rupert W.  and Groen, Derek  and Schmieschek, Sebastian  and Hetherington, James  and Gerhardt, Holger  and Franco, Claudio A.  and Coveney, Peter V. },
title = {Computer simulations reveal complex distribution of haemodynamic forces in a mouse retina model of angiogenesis},
journal = {Journal of The Royal Society Interface},
volume = {11},
number = {99},
pages = {20140543},
year = {2014},
doi = {10.1098/rsif.2014.0543},
URL = {https://royalsocietypublishing.org/doi/abs/10.1098/rsif.2014.0543}
}

@article{Salehyar2017EffectsOS,
title={Effects of stiffness and volume on the transit time of an erythrocyte through a slit},
author={Sara Salehyar and Q. Zhu},
journal={Biomechanics and Modeling in Mechanobiology},
year={2017},
volume={16},
pages={921-931}
}

@article{LuHuijie2019Biso,
issn = {1070-6631},
journal = {Physics of fluids (1994)},
pages = {31902},
volume = {31},
number = {3},
year = {2019},
title = {Boundary integral simulations of a red blood cell squeezing through a submicron slit under prescribed inlet and outlet pressures},
copyright = {Author(s)},
language = {eng},
author = {Lu, Huijie and Peng, Zhangli},
url = {https://doi.org/10.1063/1.5081057}
}

@article{FreundJonathanB2013Tfor,
issn = {1070-6631},
journal = {Physics of fluids (1994)},
pages = {110807},
volume = {25},
number = {11},
year = {2013},
title = {The flow of red blood cells through a narrow spleen-like slit},
copyright = {Copyright 2013 Elsevier B.V., All rights reserved.},
language = {eng},
author = {Freund, Jonathan B},
url = {https://doi.org/10.1063/1.4819341}
}

@article{SVANES1968210,
title = {Variations in small blood vessel hematocrits produced in hypothermic rats by micro-occlusion},
journal = {Microvascular Research},
volume = {1},
number = {2},
pages = {210-220},
year = {1968},
issn = {0026-2862},
doi = {https://doi.org/10.1016/0026-2862(68)90019-8},
url = {https://www.sciencedirect.com/science/article/pii/0026286268900198},
author = {K. Svanes and B.W. Zweifach}
}

@article{FUNG197334,
title = {Stochastic flow in capillary blood vessels},
journal = {Microvascular Research},
volume = {5},
number = {1},
pages = {34-48},
year = {1973},
issn = {0026-2862},
doi = {https://doi.org/10.1016/S0026-2862(73)80005-6},
url = {https://www.sciencedirect.com/science/article/pii/S0026286273800056},
author = {Yuan-Cheng Fung}
}

@article{Zhou2021EmergentBifurcations,
title = {{Emergent cell-free layer asymmetry and biased haematocrit partition in a biomimetic vascular network of successive bifurcations}},
year = {2021},
journal = {Soft Matter},
author = {Zhou, Qi and Fidalgo, Joana and Bernabeu, Miguel O and Oliveira, MÃ³nica S N and Kr{\"{u}}ger, Timm},
url = {http://xlink.rsc.org/?DOI=D0SM01845G},
doi = {10.1039/D0SM01845G},
issn = {1744-683X}
}

@article{LIPOWSKY1977345,
title = {Methods for the simultaneous measurement of pressure differentials and flow in single unbranched vessels of the microcirculation for rheological studies},
journal = {Microvascular Research},
volume = {14},
number = {3},
pages = {345-361},
year = {1977},
issn = {0026-2862},
doi = {https://doi.org/10.1016/0026-2862(77)90030-9},
url = {https://www.sciencedirect.com/science/article/pii/0026286277900309},
author = {Herbert H. Lipowsky and Benjamin W. Zweifach}
}

@article{LIPOWSKY1980297,
title = {In vivo measurements of âapparent viscosityâ and microvessel hematocrit in the mesentery of the cat},
journal = {Microvascular Research},
volume = {19},
number = {3},
pages = {297-319},
year = {1980},
issn = {0026-2862},
doi = {https://doi.org/10.1016/0026-2862(80)90050-3},
url = {https://www.sciencedirect.com/science/article/pii/0026286280900503},
author = {Herbert H. Lipowsky and Shunichi Usami and Shu Chien}
}

@article{SECOMB2013470,
title = {Blood viscosity in microvessels: Experiment and theory},
journal = {Comptes Rendus Physique},
volume = {14},
number = {6},
pages = {470-478},
year = {2013},
note = {Living fluids / Fluides vivants},
issn = {1631-0705},
doi = {https://doi.org/10.1016/j.crhy.2013.04.002},
url = {https://www.sciencedirect.com/science/article/pii/S1631070513000728},
author = {Timothy W. Secomb and Axel R. Pries},
keywords = {Capillary, Microcirculation, Red blood cell, Rheology, Capillaire, Microcirculation, Globules rouges, RhÃ©ologie}
}

@article{yeleswarapu1998evaluation,
title={Evaluation of continuum models for characterizing the constitutive behavior of blood.},
author={Yeleswarapu, Krishna Kumar},
year={1998}
}

@article{YELESWARAPU1998257,
title = {The flow of blood in tubes: theory and experiment},
journal = {Mechanics Research Communications},
volume = {25},
number = {3},
pages = {257-262},
year = {1998},
issn = {0093-6413},
doi = {https://doi.org/10.1016/S0093-6413(98)00036-6},
url = {https://www.sciencedirect.com/science/article/pii/S0093641398000366},
author = {K.K. Yeleswarapu and M.V. Kameneva and K.R. Rajagopal and J.F. Antaki}
}

@article{BodnarT2011Sott,
issn = {0973-5348},
journal = {Mathematical modelling of natural phenomena},
pages = {1--24},
volume = {6},
number = {5},
year = {2011},
title = {Simulation of the three-dimensional flow of blood using a shear-thinning viscoelastic fluid model},
copyright = {Copyright 2011 Elsevier B.V., All rights reserved.},
language = {eng},
author = {BodnÃ¡r, T and Rajagopal, K.R and Sequeira, A},
keywords = {Viscoelasticity ; Stenosis ; Blood rheology ; Curved vessel ; Secondary flows},
}

@book{KrugerTimm2012Csso,
publisher = {Springer Spektrum},
isbn = {3834823767},
year = {2012},
title = {Computer simulation study of collective phenomena in dense suspensions of red blood cells under shear},
language = {eng},
address = {Wiesbaden},
author = {Kr\"{uÌ}ger, Timm},
keywords = {Blood -- Rheology -- Computer simulation},
}

@article{KRUGER20113485,
title = {Efficient and accurate simulations of deformable particles immersed in a fluid using a combined immersed boundary lattice Boltzmann finite element method},
journal = {Computers \& Mathematics with Applications},
volume = {61},
number = {12},
pages = {3485-3505},
year = {2011},
note = {Mesoscopic Methods for Engineering and Science â Proceedings of ICMMES-09},
issn = {0898-1221},
doi = {https://doi.org/10.1016/j.camwa.2010.03.057},
url = {https://www.sciencedirect.com/science/article/pii/S0898122110002476},
author = {T. Kr\"{uÌ}ger and F. Varnik and D. Raabe},
keywords = {Lattice Boltzmann method, Immersed boundary method, Finite element method, Capsule, Simple shear flow, Small deformations}
}

@book{redbloodcells,
publisher = {Encyclop\ae dia Britannica, Inc.},
year = {2020},
month = {May},
title = {Red blood cell - Encyclopedia Britannica},
language = {eng},
author = {Britannica},
url = {https://www.britannica.com/science/red-blood-cell}
}

@book{whitebloodcells,
publisher = {Encyclop\ae dia Britannica, Inc.},
year = {2020},
month = {May},
title = {White blood cell - Encyclopedia Britannica},
language = {eng},
author = {Britannica},
url = {https://www.britannica.com/science/white-blood-cell}
}

@article{chien1975red,
title={Biophysical behavior of red cells in suspension,The Red Blood Cell},
author={Chien, S},
journal={Ed. By DM Surgenor, Academic Press, London},
year={1975}
}

@article {Jain58,
author = {Jain, Rakesh K.},
title = {Normalization of Tumor Vasculature: An Emerging Concept in Antiangiogenic Therapy},
volume = {307},
number = {5706},
pages = {58--62},
year = {2005},
doi = {10.1126/science.1104819},
publisher = {American Association for the Advancement of Science},
issn = {0036-8075},
URL = {https://science.sciencemag.org/content/307/5706/58},
journal = {Science}
}

@article{Jung1971PermeabilitySugars,
title = "{Permeability of bimolecular membranes made from lipid extracts of human red cell ghosts to sugars}",
year = {1971},
journal = {The Journal of Membrane Biology},
author = {Jung, Chan Y.},
number = {2},
month = {June},
pages = {200--214},
volume = {5},
url = {http://link.springer.com/10.1007/BF02107724},
doi = {10.1007/BF02107724},
issn = {0022-2631}
}

@article{EvansE.A1976Mv,
issn = {0006-3495},
journal = {Biophysical journal},
pages = {1--11},
volume = {16},
publisher = {Elsevier Inc},
number = {1},
year = {1976},
title = {Membrane viscoelasticity},
copyright = {1976 The Biophysical Society},
language = {eng},
address = {United States},
author = {Evans, E.A and Hochmuth, R.M}
}

@article{SmithMichaelL2003Nmra,
issn = {0006-3495},
journal = {Biophysical journal},
pages = {637--645},
volume = {85},
number = {1},
year = {2003},
title = {Near-wall micro-PIV reveals a hydrodynamically relevant endothelial surface layer in venules in vivo},
language = {eng},
address = {United States},
author = {Smith, Michael L and Long, David S and Damiano, Edward R and Ley, Klaus}
}

@article{CARR1990179,
title = {Plasma skimming in serial microvascular bifurcations},
journal = {Microvascular Research},
volume = {40},
number = {2},
pages = {179-190},
year = {1990},
issn = {0026-2862},
doi = {https://doi.org/10.1016/0026-2862(90)90017-L},
url = {https://www.sciencedirect.com/science/article/pii/002628629090017L},
author = {Russell T. Carr and Lori L. Wickham}
}

@article{Roman2016,
author = {Roman,Sophie and Merlo,Adlan and Duru,Paul and Risso,Fr\'{e}d\'{e}ric and Lorthois,Sylvie },
title = {Going beyond 20 $\mu$m-sized channels for studying red blood cell phase separation in microfluidic bifurcations},
journal = {Biomicrofluidics},
volume = {10},
number = {3},
pages = {034103},
year = {2016},
doi = {10.1063/1.4948955},
URL = {https://doi.org/10.1063/1.4948955}
}

@article{Sherwood2014,
doi = {10.1371/journal.pone.0100473},
author = {Sherwood, Joseph M. AND Holmes, David AND Kaliviotis, Efstathios AND Balabani, Stavroula},
journal = {PLOS ONE},
publisher = {Public Library of Science},
title = {Spatial Distributions of Red Blood Cells Significantly Alter Local Haemodynamics},
year = {2014},
month = {June},
volume = {9},
url = {https://doi.org/10.1371/journal.pone.0100473},
pages = {1-13},
number = {6}
}

@article{Pries2000TheLayer,
title = {{The endothelial surface layer}},
year = {2000},
journal = {Pfl{\"{u}}gers Archiv - European Journal of Physiology},
author = {Pries, A.R. and Secomb, T.W. and Gaehtgens, P.},
number = {5},
month = {9},
pages = {653--666},
volume = {440},
url = {http://link.springer.com/10.1007/s004240000307},
doi = {10.1007/s004240000307},
issn = {0031-6768},
pmid = {11007304},
keywords = {Biophysical properties, Endothelial surface layer, Fluid and solute exchange}
}

@article{WeinbaumSheldon2007Tsaf,
issn = {1523-9829},
journal = {Annual review of biomedical engineering},
pages = {121--167},
volume = {9},
number = {1},
year = {2007},
title = {The structure and function of the endothelial glycocalyx layer},
copyright = {Copyright 2008 Elsevier B.V., All rights reserved.},
language = {eng},
address = {United States},
author = {Weinbaum, Sheldon and Tarbell, John M and Damiano, Edward R}
}

@article{Gould2015HematocritNetworks,
title = {{Hematocrit Distribution and Tissue Oxygenation in Large Microcirculatory Networks}},
year = {2015},
journal = {Microcirculation},
author = {Gould, Ian G. and Linninger, Andreas A.},
number = {1},
month = {1},
pages = {1--18},
volume = {22},
url = {http://doi.wiley.com/10.1111/micc.12156 http://www.ncbi.nlm.nih.gov/pubmed/25040825},
doi = {10.1111/micc.12156},
issn = {10739688},
pmid = {25040825},
keywords = {Fahraeus effect, plasma skimming, tissue oxygenation}
}

@phdthesis{reichold2011cerebral,
title={Cerebral blood flow modeling in realistic cortical microvascular networks},
author={Reichold, Johannes},
year={2011},
school={ETH Zurich}
}

@phdthesis{CharlesPhDThesis2020,
title={Computational Modelling of Cellular Blood Flow in Complex Vascular Networks},
author={Zhou, Qi},
year={2020},
school={University of Edinburgh}
}

@book{fung2013biomechanics,
title={Biomechanics: circulation},
author={Fung, Yuan-cheng},
year={2013},
publisher={Springer Science \& Business Media}
}

@article{LiYiwen2008Dlav,
issn = {1754-2189},
journal = {Nature protocols},
pages = {1703--1708},
volume = {3},
publisher = {Nature Publishing Group},
number = {11},
year = {2008},
title = {Direct labeling and visualization of blood vessels with lipophilic carbocyanine dye DiI},
copyright = {Copyright 2009 Elsevier B.V., All rights reserved. MEDLINEÂ® is the source for the MeSH terms of this document.},
language = {eng},
address = {England},
author = {Li, Yiwen and Zhao, Lian and Gaidosh, Gabriel and Wen, Rong and Laties, Alan M and Song, Ying}
}

@article{KianiM1994Fimb,
issn = {0363-6135},
journal = {American journal of physiology. Heart and circulatory physiology},
pages = {H1822--H1828},
volume = {266},
number = {5},
year = {1994},
title = {Fluctuations in microvascular blood flow parameters caused by hemodynamic mechanisms},
copyright = {Copyright 2004 Elsevier B.V., All rights reserved. Medline is the source for the MeSH terms of this document.},
language = {eng},
author = {Kiani, M. F and Pries, A. R and Hsu, L. L and Sarelius, I. H and Cokelet, G. R},
keywords = {mathematical model ; blood velocity ; hematocrit ; microvascular network},
}

@article{tawfik2013mathematical,
title={A mathematical and numerical investigation of the hemodynamical origins of oscillations in microvascular networks},
author={Tawfik, Yasmine and Owens, Robert G},
journal={Bulletin of mathematical biology},
volume={75},
number={4},
pages={676--707},
year={2013},
publisher={Springer}
}

@article{TumorMicrovasculature,
author = {FUKUMURA, DAI and DUDA, DAN G. and MUNN, LANCE L. and JAIN, RAKESH K.},
title = {Tumor Microvasculature and Microenvironment: Novel Insights Through Intravital Imaging in Pre-Clinical Models},
journal = {Microcirculation},
volume = {17},
number = {3},
pages = {206-225},
keywords = {intravital microscopy, angiogenesis, lymphangiogenesis, tumor, stromal cells, microenvironment, vascular normalization},
doi = {https://doi.org/10.1111/j.1549-8719.2010.00029.x},
url = {https://onlinelibrary.wiley.com/doi/abs/10.1111/j.1549-8719.2010.00029.x},
year = {2010}
}

% This reference is not included at the moment. (Retina Blood Flow Network Diagram)
@Article{sym11070946,
AUTHOR = {Samuel, Pearl Mary and Veeramalai, Thanikaiselvan},
TITLE = {Multilevel and Multiscale Deep Neural Network for Retinal Blood Vessel Segmentation},
JOURNAL = {Symmetry},
VOLUME = {11},
YEAR = {2019},
NUMBER = {7},
ARTICLE-NUMBER = {946},
URL = {https://www.mdpi.com/2073-8994/11/7/946},
ISSN = {2073-8994}
}

@article{NetworkTopology2005,
author = {Gruionu, Gabriel and Hoying, James B. and Gruionu, Lucian G. and Laughlin, M. Harold and Secomb, Timothy W.},
title = {Structural adaptation increases predicted perfusion capacity after vessel obstruction in arteriolar arcade network of pig skeletal muscle},
journal = {American Journal of Physiology-Heart and Circulatory Physiology},
volume = {288},
number = {6},
pages = {H2778-H2784},
year = {2005},
doi = {10.1152/ajpheart.00917.2004},
note ={PMID: 15681697},
URL = {https://doi.org/10.1152/ajpheart.00917.2004}
}

@article{Barber2011SimulatedPartitioning,
title = {{Simulated Red Blood Cell Motion in Microvessel Bifurcations: Effects of CellâCell Interactions on Cell Partitioning}},
year = {2011},
journal = {Cardiovascular Engineering and Technology},
author = {Barber, Jared O. and Restrepo, Juan M. and Secomb, Timothy W.},
number = {4},
month = {12},
pages = {349--360},
volume = {2},
url = {http://link.springer.com/10.1007/s13239-011-0064-4},
doi = {10.1007/s13239-011-0064-4},
issn = {1869-408X},
keywords = {Bifurcation, Capillary flow, Erythrocyte mechanics, Microvessel, Phase separation}
}

@article{Xiong2012Two-dimensionalEffects,
title = {{Two-dimensional lattice Boltzmann study of red blood cell motion through microvascular bifurcation: cell deformability and suspending viscosity effects}},
year = {2012},
journal = {Biomechanics and Modeling in Mechanobiology},
author = {Xiong, Wenjuan and Zhang, Junfeng},
number = {3-4},
month = {3},
pages = {575--583},
volume = {11},
url = {http://link.springer.com/10.1007/s10237-011-0334-y},
isbn = {1023701103},
doi = {10.1007/s10237-011-0334-y},
issn = {1617-7959},
pmid = {21744014},
keywords = {Bifurcated microvessels, Blood flow, Erythrocyte, Hemodynamics, Immersed boundary method, Lattice Boltzmann method, Microcirculation}
}

@article{RedBloodCellsDescription,
title = "{Red Blood Cells}",
author = {SmartDraw},
year = {2021},
url = {https://www.smartdraw.com/circulatory-system-diagram/examples/red-blood-cells/}
}

@article{LifeART2000,
issn = {0098-7484},
journal = {Journal of the American Medical Association},
publisher = {American Medical Association},
year = {2000},
title = "{LifeART: Medical Clip Art}",
language = {eng},
author = {Lippincott Williams \& Wilkins, Baltimore, MD},
}

@article{Balogh2017DirectNetworks,
title = {{Direct Numerical Simulation of Cellular-Scale Blood Flow in 3D Microvascular Networks}},
year = {2017},
journal = {Biophysical Journal},
author = {Balogh, Peter and Bagchi, Prosenjit},
number = {12},
month = {12},
pages = {2815--2826},
volume = {113},
publisher = {Biophysical Society},
url = {https://linkinghub.elsevier.com/retrieve/pii/S0006349517311359},
doi = {10.1016/j.bpj.2017.10.020},
issn = {00063495},
pmid = {29262374}
}

@ARTICLE{Zavodszky2017,
AUTHOR={Z\'{a}vodszky, G\'{a}bor and van Rooij, Britt and Azizi, Victor and Hoekstra, Alfons},   TITLE="{Cellular Level In-silico Modeling of Blood Rheology with An Improved Material Model for Red Blood Cells}",      	
JOURNAL={Frontiers in Physiology},      	
VOLUME={8},      
PAGES={563},     	
YEAR={2017},      	  
URL={https://www.frontiersin.org/article/10.3389/fphys.2017.00563},       	
DOI={10.3389/fphys.2017.00563},      	
ISSN={1664-042X}
}

@article{Krogh1921,
author = {Krogh, August},
title = {Studies on the physiology of capillaries},
journal = {The Journal of Physiology},
volume = {55},
number = {5-6},
pages = {412-422},
doi = {https://doi.org/10.1113/jphysiol.1921.sp001985},
url = {https://physoc.onlinelibrary.wiley.com/doi/abs/10.1113/jphysiol.1921.sp001985},
year = {1921}
}

@article{PhysRevLett2018,
title = "{Flow-Induced Transitions of Red Blood Cell Shapes under Shear}",
author = {Mauer, Johannes and Mendez, Simon and Lanotte, Luca and Nicoud, Franck and Abkarian, Manouk and Gompper, Gerhard and Fedosov, Dmitry A.},
journal = {Phys. Rev. Lett.},
volume = {121},
issue = {11},
pages = {118103},
numpages = {6},
year = {2018},
month = {Sep},
publisher = {American Physical Society},
doi = {10.1103/PhysRevLett.121.118103},
url = {https://link.aps.org/doi/10.1103/PhysRevLett.121.118103}
}

@article{PhysRevLett,
title = "{Lift and Down-Gradient Shear-Induced Diffusion in Red Blood Cell Suspensions}",
author = {Grandchamp, Xavier and Coupier, Gwennou and Srivastav, Aparna and Minetti, Christophe and Podgorski, Thomas},
journal = {Phys. Rev. Lett.},
volume = {110},
issue = {10},
pages = {108101},
numpages = {5},
year = {2013},
month = {Mar},
publisher = {American Physical Society},
doi = {10.1103/PhysRevLett.110.108101},
url = {https://link.aps.org/doi/10.1103/PhysRevLett.110.108101}
}

@article{CoupierG2008Nlmo,
issn = {1070-6631},
journal = {Physics of fluids (1994)},
pages = {111702--1/4},
volume = {20},
publisher = {American Institute of Physics},
number = {11},
year = {2008},
title = {Noninertial lateral migration of vesicles in bounded Poiseuille flow},
copyright = {info:eu-repo/semantics/openAccess},
language = {eng},
address = {Melville, NY},
author = {Coupier, G and Kaoui, B and Podgorski, T and Misbah, C}
}

@article{Leighton1987MeasurementSpheres,
title = {{Measurement of shear-induced self-diffusion in concentrated suspensions of spheres}},
year = {1987},
journal = {Journal of Fluid Mechanics},
author = {Leighton, David and Acrivos, Andreas},
month = {4},
pages = {109--131},
volume = {177},
url = {https://www.cambridge.org/core/product/identifier/S0022112087000880/type/journal_article},
doi = {10.1017/S0022112087000880},
issn = {0022-1120}
}

@article{Pranay2012,
title = {{Depletion layer formation in suspensions of elastic capsules in Newtonian and viscoelastic fluids}},
year = {2012},
journal = {Physics of Fluids},
author = {Pranay, Pratik and Henr{\'{i}}quez-Rivera, Rafael G. and Graham, Michael D.},
number = {6},
month = {6},
pages = {061902},
volume = {24},
url = {http://aip.scitation.org/doi/10.1063/1.4726058},
doi = {10.1063/1.4726058},
issn = {1070-6631}
}

@article{HariprasadSecomb2014,
title = {Two-dimensional simulation of red blood cell motion near a wall under a lateral force},
author = {Hariprasad, Daniel S. and Secomb, Timothy W.},
journal = {Phys. Rev. E},
volume = {90},
issue = {5},
pages = {053014},
numpages = {7},
year = {2014},
month = {Nov},
publisher = {American Physical Society},
doi = {10.1103/PhysRevE.90.053014},
url = {https://link.aps.org/doi/10.1103/PhysRevE.90.053014}
}

@article{DoddiSaiK2009Tcmo,
issn = {1539-3755},
journal = {Physical review. E, Statistical, nonlinear, and soft matter physics},
pages = {046318--046318},
volume = {79},
number = {4},
year = {2009},
title = {Three-dimensional computational modeling of multiple deformable cells flowing in microvessels},
copyright = {Copyright 2009 Elsevier B.V., All rights reserved.},
language = {eng},
address = {United States},
author = {Doddi, Sai K and Bagchi, Prosenjit},
}

@article{PhysRevLett2002,
title = "{Tank Treading and Unbinding of Deformable Vesicles in Shear Flow: Determination of the Lift Force}",
author = {Abkarian, Manouk and Lartigue, Colette and Viallat, Annie},
journal = {Phys. Rev. Lett.},
volume = {88},
issue = {6},
pages = {068103},
numpages = {4},
year = {2002},
month = {Jan},
publisher = {American Physical Society},
doi = {10.1103/PhysRevLett.88.068103},
url = {https://link.aps.org/doi/10.1103/PhysRevLett.88.068103}
}

@article{Olla_1997A,
title={The Lift on a Tank-Treading Ellipsoidal Cell in a Shear Flow},
volume={7},
ISSN={1286-4870},
url={http://dx.doi.org/10.1051/jp2:1997201},
DOI={10.1051/jp2:1997201},
number={10},
journal={Journal de Physique II},
publisher={EDP Sciences},
author={Olla, Piero},
year={1997},
month={Oct},
pages={1533â1540}
}

@article{Olla_1997B,
doi = {10.1088/0305-4470/30/1/022},
url = {https://doi.org/10.1088/0305-4470/30/1/022},
year = 1997,
month = {jan},
publisher = {{IOP} Publishing},
volume = {30},
number = {1},
pages = {317--329},
author = {Piero Olla},
title = {The role of tank-treading motions in the transverse migration of a spheroidal vesicle in a shear flow},
journal = {Journal of Physics A: Mathematical and General}
}

@article{PhysRevLett.83.876,
title = {Hydrodynamic Lift on Bound Vesicles},
author = {Seifert, Udo},
journal = {Phys. Rev. Lett.},
volume = {83},
issue = {4},
pages = {876--879},
numpages = {0},
year = {1999},
month = {Jul},
publisher = {American Physical Society},
doi = {10.1103/PhysRevLett.83.876},
url = {https://link.aps.org/doi/10.1103/PhysRevLett.83.876}
}

@article{ReitsmaSietze2007Tegc,
issn = {0031-6768},
journal = {PflÃ¼gers Archiv},
pages = {345--359},
volume = {454},
publisher = {Springer-Verlag},
number = {3},
year = {2007},
title = {The endothelial glycocalyx: composition, functions, and visualization},
copyright = {Springer-Verlag 2007},
language = {eng},
address = {Berlin/Heidelberg},
author = {Reitsma, Sietze and Slaaf, Dick W and Vink, Hans and van Zandvoort, Marc A. M. J and oude Egbrink, Mirjam G. A}
}

@article{feng_weinbaum_2000, 
title={Lubrication theory in highly compressible porous media: the mechanics of skiing, from red cells to humans}, 
volume={422}, 
DOI={10.1017/S0022112000001725}, 
journal={Journal of Fluid Mechanics}, 
publisher={Cambridge University Press}, author={FENG, J. and WEINBAUM, S.}, 
year={2000}, 
pages={281â317}
}

@article{Bernabeu2020AbnormalOxygenation,
title = {{Abnormal morphology biases hematocrit distribution in tumor vasculature and contributes to heterogeneity in tissue oxygenation}},
year = {2020},
journal = {Proceedings of the National Academy of Sciences},
author = {Bernabeu, Miguel O. and K{\"{o}}ry, Jakub and Grogan, James A. and Markelc, Bostjan and Beardo, Albert and DâAvezac, Mayeul and Enjalbert, Romain and Kaeppler, Jakob and Daly, Nicholas and Hetherington, James and Kr{\"{u}}ger, Timm and Maini, Philip K. and Pitt-Francis, Joe M. and Muschel, Ruth J. and Alarc{\'{o}}n, TomÃ¡s and Byrne, Helen M.},
number = {45},
month = {11},
pages = {27811--27819},
volume = {117},
url = {http://www.pnas.org/lookup/doi/10.1073/pnas.2007770117},
doi = {10.1073/pnas.2007770117},
issn = {0027-8424}
}

@article{GuibertR2010ANAt,
issn = {0169-3913},
journal = {Transport in porous media},
pages = {171--194},
volume = {83},
publisher = {Springer Netherlands},
number = {1},
year = {2010},
title = "{A New Approach to Model Confined Suspensions Flows in Complex Networks: Application to Blood Flow}",
copyright = {Springer Science+Business Media B.V. 2009},
language = {eng},
address = {Dordrecht},
author = {Guibert, R and Guibert, R and Fonta, C and Fonta, C and PlourabouÃ©, F and PlourabouÃ©, F}
}

@article{LeeTae-Rin2017Gpsm,
issn = {1617-7959},
journal = {Biomechanics and modeling in mechanobiology},
pages = {497--507},
volume = {16},
publisher = {Springer Berlin Heidelberg},
number = {2},
year = {2017},
title = {Generalized plasma skimming model for cells and drug carriers in the microvasculature},
copyright = {Springer-Verlag Berlin Heidelberg 2017},
language = {eng},
address = {Berlin/Heidelberg},
author = {Lee, Tae-Rin and Lee, Tae-Rin and Yoo, Sung Sic and Yoo, Sung Sic and Yang, Jiho and Yang, Jiho}
}

@article{FedosovDmitryA2014Wbcm,
issn = {1744-683X},
journal = {Soft matter},
pages = {2961--2970},
volume = {10},
number = {17},
year = {2014},
title = {White blood cell margination in microcirculation},
copyright = {Copyright 2014 Elsevier B.V., All rights reserved.},
language = {eng},
address = {England},
author = {Fedosov, Dmitry A and Gompper, Gerhard},
keywords = {Microcirculation ; Models, Biological ; Rheology ; Hematocrit ; Hydrodynamics ; Erythrocytes - physiology ; Leukocytes - physiology ; Cell Adhesion ; Index Medicus},
}

@article{PhysRevLett.108.028104,
title = "{Margination of White Blood Cells in Microcapillary Flow}",
author = {Fedosov, Dmitry A. and Fornleitner, Julia and Gompper, Gerhard},
journal = {Phys. Rev. Lett.},
volume = {108},
issue = {2},
pages = {028104},
numpages = {5},
year = {2012},
month = {Jan},
publisher = {American Physical Society},
doi = {10.1103/PhysRevLett.108.028104},
url = {https://link.aps.org/doi/10.1103/PhysRevLett.108.028104}
}

@article{GoldsmithHarryL1984Moli,
issn = {0026-2862},
journal = {Microvascular research},
pages = {204--222},
volume = {27},
publisher = {Elsevier Inc},
number = {2},
year = {1984},
title = {Margination of leukocytes in blood flow through small tubes},
copyright = {1984},
language = {eng},
address = {Amsterdam},
author = {Goldsmith, Harry L and Spain, Samira},
keywords = {Fundamental and applied biological sciences. Psychology ; Biological and medical sciences ; Blood vessels and receptors ; Vertebrates: cardiovascular system ; Leukocyte Count ; Leukocytes - physiology ; Erythrocyte Count ; Humans ; Erythrocyte Aggregation ; Cell Movement ; Index Medicus},
}

@article{NobisU1985Rdow,
issn = {0026-2862},
journal = {Microvascular research},
pages = {295--304},
volume = {29},
publisher = {Elsevier Inc},
number = {3},
year = {1985},
title = {Radial distribution of white cells during blood flow in small tubes},
copyright = {1985},
language = {eng},
address = {Amsterdam},
author = {Nobis, U and Pries, A.R and Cokelet, G.R and Gaehtgens, P},
keywords = {Fundamental and applied biological sciences. Psychology ; Biological and medical sciences ; Vertebrates: blood, hematopoietic organs, reticuloendothelial system ; Physiology - instrumentation ; Humans ; Stress, Mechanical ; Leukocytes - physiology ; Data Display ; Blood ; Cell Movement ; Index Medicus},
}

@article{TangelderG1985,
issn = {0363-6135},
journal = {American journal of physiology. Heart and circulatory physiology},
pages = {H318--H323},
volume = {17},
publisher = {American Physiological Society},
number = {3},
year = {1985},
title = {Distribution of blood platelets flowing in arterioles},
copyright = {Copyright 2004 Elsevier B.V., All rights reserved.},
language = {eng},
address = {Bethesda, MD},
author = {Tangelder, G.J and Teirlinck, H.C and Slaaf, D.W and Reneman, R.S},
keywords = {Fundamental and applied biological sciences. Psychology ; Biological and medical sciences ; Hemodynamics. Rheology ; Vertebrates: cardiovascular system},
}

@article{PhysRevLett.109.108102,
title = "{Mechanism of Margination in Confined Flows of Blood and Other Multicomponent Suspensions}",
author = {Kumar, Amit and Graham, Michael D.},
journal = {Phys. Rev. Lett.},
volume = {109},
issue = {10},
pages = {108102},
numpages = {5},
year = {2012},
month = {Sep},
publisher = {American Physical Society},
doi = {10.1103/PhysRevLett.109.108102},
url = {https://link.aps.org/doi/10.1103/PhysRevLett.109.108102}
}

@article{FreundJonathanB2007Lmia,
issn = {1070-6631},
journal = {Physics of fluids (1994)},
pages = {023301--023301-13},
volume = {19},
publisher = {American Institute of Physics},
number = {2},
year = {2007},
title = {Leukocyte margination in a model microvessel},
copyright = {American Institute of Physics},
language = {eng},
address = {Melville, NY},
author = {Freund, Jonathan B},
keywords = {Fundamental and applied biological sciences. Psychology ; Biological and medical sciences ; Inflammation ; Molecular and cellular biology},
}

@article{VahidkhahKoohyar2014PDiT,
issn = {0006-3495},
journal = {Biophysical journal},
pages = {2529--2540},
volume = {106},
publisher = {Elsevier Inc},
number = {11},
year = {2014},
title = {Platelet Dynamics in Three-Dimensional Simulation of Whole Blood},
copyright = {2014 Biophysical Society},
language = {eng},
address = {United States},
author = {Vahidkhah, Koohyar and Diamond, Scott L and Bagchi, Prosenjit},
keywords = {Animals ; Models, Cardiovascular ; Humans ; Erythrocytes - physiology ; Blood Platelets - physiology ; Hemorheology ; Cell Adhesion ; Anisotropy ; Analysis ; Aerospace engineering ; Index Medicus ; Systems Biophysics},
}

@article{MehrabadiMarmar2015ACMf,
issn = {0090-6964},
journal = {Annals of biomedical engineering},
pages = {1410--1421},
volume = {43},
publisher = {Springer US},
number = {6},
year = {2015},
title = {A Continuum Model for Platelet Transport in Flowing Blood Based on Direct Numerical Simulations of Cellular Blood Flow},
copyright = {Biomedical Engineering Society 2014},
language = {eng},
address = {New York},
author = {Mehrabadi, Marmar and Mehrabadi, Marmar and Ku, David N and Ku, David N and Aidun, Cyrus K and Aidun, Cyrus K},
keywords = {Biomedical Engineering ; Biochemistry, general ; Platelet margination ; Biomedicine ; Patient-specific ; DNS of cellular blood flow ; Mechanics ; Biophysics and Biological Physics ; Biomedicine general ; Platelet transport ; Blood Platelets - pathology ; Shear Strength ; Thrombosis - physiopathology ; Models, Cardiovascular ; Humans ; Thrombosis - pathology ; Biological Transport, Active ; Thrombosis - metabolism ; Blood Platelets - metabolism ; Computer Simulation ; Blood Flow Velocity ; Erythrocytes - metabolism ; Erythrocytes - pathology ; Analysis ; Blood flow ; Index Medicus},
}

@article{wang_sui_salsac_barthes-biesel_wang_2016,
title={Motion of a spherical capsule in branched tube flow with finite inertia},
volume={806},
DOI={10.1017/jfm.2016.603},
journal={Journal of Fluid Mechanics},
publisher={Cambridge University Press},
author={Wang, Z. and Sui, Y. and Salsac, A.-V. and BarthÃ¨s-Biesel, D. and Wang, W.},
year={2016},
pages={603â626}
}

@article{wang_sui_salsac_barthes-biesel_wang_2018,
title={Path selection of a spherical capsule in a microfluidic branched channel: towards the design of an enrichment device},
volume={849},
DOI={10.1017/jfm.2018.414},
journal={Journal of Fluid Mechanics},
publisher={Cambridge University Press},
author={Wang, Z. and Sui, Y. and Salsac, A.-V. and BarthÃ¨s-Biesel, D. and Wang, W.},
year={2018},
pages={136â162}
}

@article{Freund2014,
author = {Freund, Jonathan B.},
title = {Numerical Simulation of Flowing Blood Cells},
journal = {Annual Review of Fluid Mechanics},
volume = {46},
number = {1},
pages = {67-95},
year = {2014},
doi = {10.1146/annurev-fluid-010313-141349},
URL = {https://doi.org/10.1146/annurev-fluid-010313-141349}
}

@article{PriesA.R1996Baob,
issn = {0008-6363},
journal = {Cardiovascular research},
pages = {654--667},
volume = {32},
number = {4},
year = {1996},
title = {Biophysical aspects of blood flow in the microvasculature},
copyright = {Copyright 2007 Elsevier B.V., All rights reserved. Medline is the source for the MeSH terms of this document.},
language = {eng},
author = {Pries, A.R and Secomb, T.W and Gaehtgens, P},
keywords = {Viscosity ; Microcirculation ; Red blood cells ; Blood flow ; Index Medicus},
}

@article{Roberts2003,
author = {Roberts, Brian W. and Olbricht, W. L.},
title = {Flow-induced particulate separations},
journal = {AIChE Journal},
volume = {49},
number = {11},
pages = {2842-2849},
doi = {https://doi.org/10.1002/aic.690491116},
url = {https://aiche.onlinelibrary.wiley.com/doi/abs/10.1002/aic.690491116},
year = {2003}
}

@article{Roberts2006,
author = {Roberts, Brian W. and Olbricht, W. L.},
title = {The distribution of freely suspended particles at microfluidic bifurcations},
journal = {AIChE Journal},
volume = {52},
number = {1},
pages = {199-206},
keywords = {separations, microfluidics, particulates, filtration, microfabrication},
doi = {https://doi.org/10.1002/aic.10613},
url = {https://aiche.onlinelibrary.wiley.com/doi/abs/10.1002/aic.10613},
year = {2006}
}

@article{doyeux_podgorski_peponas_ismail_coupier_2011,
title="{Spheres in the vicinity of a bifurcation: elucidating the ZweifachâFung effect}",
volume={674},
DOI={10.1017/S0022112010006567},
journal={Journal of Fluid Mechanics},
publisher={Cambridge University Press},
author={DOYEUX, V. and PODGORSKI, T. and PEPONAS, S. and ISMAIL, M. and COUPIER, G.},
year={2011},
pages={359â388}
}

@article{Liu2020HeterogeneousBifurcations,
title = {{Heterogeneous partition of cellular blood-borne nanoparticles through microvascular bifurcations}},
year = {2020},
journal = {Physical Review E},
author = {Liu, Zixiang L. and Clausen, Jonathan R. and Wagner, Justin L. and Butler, Kimberly S. and Bolintineanu, Dan S. and Lechman, Jeremy B. and Rao, Rekha R. and Aidun, Cyrus K.},
number = {1},
month = {7},
pages = {013310},
volume = {102},
publisher = {American Physical Society},
url = {https://link.aps.org/doi/10.1103/PhysRevE.102.013310},
doi = {10.1103/PhysRevE.102.013310},
issn = {2470-0045},
pmid = {32795082},
keywords = {doi:10.1103/PhysRevE.102.013310 url:https://doi.or}
}

@article {Bugliarello469,
author = {Bugliarello, George and Hsiao, George C. C.},
title = {Phase Separation in Suspensions Flowing through Bifurcations: A Simplified Hemodynamic Model},
volume = {143},
number = {3605},
pages = {469--471},
year = {1964},
doi = {10.1126/science.143.3605.469},
publisher = {American Association for the Advancement of Science},
issn = {0036-8075},
URL = {https://science.sciencemag.org/content/143/3605/469},
journal = {Science}
}

@article{YAN199117,
title = {A three-dimensional analysis of plasma skimming at microvascular bifurcations},
journal = {Microvascular Research},
volume = {42},
number = {1},
pages = {17-38},
year = {1991},
issn = {0026-2862},
doi = {https://doi.org/10.1016/0026-2862(91)90072-J},
url = {https://www.sciencedirect.com/science/article/pii/002628629190072J},
author = {Zong-Yi Yan and Andreas Acrivos and Sheldon Weinbaum}
}

@article{DominikObrist2010Rbcd,
issn = {1364-503X},
journal = {Philosophical transactions of the Royal Society of London. Series A: Mathematical, physical, and engineering sciences},
pages = {2897--2918},
volume = {368},
publisher = {The Royal Society},
number = {1921},
year = {2010},
title = {Red blood cell distribution in simplified capillary networks},
copyright = {COPYRIGHT Â© 2010 The Royal Society},
language = {eng},
address = {England},
author = {Dominik Obrist and Bruno Weber and Alfred Buck and Patrick Jenny},
keywords = {Mass flow rate ; Water transportation ; Erythrocytes ; Flow distribution ; Blood vessels ; Equilibrium flow ; Flow velocity ; Capillaries ; Blood flow ; Pressure gradients ; computer modelling and simulation ; Articles ; COMPUTER SCIENCE ; Microcirculation ; Bifurcation law ; Capillary network ; Red blood cell transport ; Time Factors ; Capillaries - cytology ; Models, Biological ; Humans ; Erythrocytes - cytology ; Pressure ; Cell Movement ; Index Medicus},
}

@article{ShenZaiyi2016Iohp,
issn = {0026-2862},
journal = {Microvascular research},
pages = {40--46},
volume = {105},
publisher = {Elsevier Inc},
year = {2016},
title = {Inversion of hematocrit partition at microfluidic bifurcations},
copyright = {2016 Elsevier Inc.},
language = {eng},
address = {United States},
author = {Shen, Zaiyi and Coupier, Gwennou and Kaoui, Badr and Polack, BenoÃ®t and Harting, Jens and Misbah, Chaouqi and Podgorski, Thomas},
keywords = {Red blood cell ; Microcirculation ; Lattice Boltzmann method ; Blood ; Microfluidics ; Research Support, Non-U.S. Gov't ; Biochemistry ; Cardiology and Cardiovascular Medicine ; Journal Article ; Cell Biology ; Microfluidic Analytical Techniques ; Viscosity ; Models, Cardiovascular ; Humans ; Hematocrit ; Hemoglobins - metabolism ; Microvessels - anatomy & histology ; Biomarkers - blood ; Regional Blood Flow ; Microvessels - physiology ; Computer Simulation ; Blood Flow Velocity ; Erythrocytes - metabolism ; Models, Anatomic ; Analysis ; Index Medicus ; Biotechnology ; Fluid Dynamics ; Physics ; Computer Science},
}

@article{SCHMIDSCHONBEIN198018,
title = {Cell distribution in capillary networks},
journal = {Microvascular Research},
volume = {19},
number = {1},
pages = {18-44},
year = {1980},
issn = {0026-2862},
doi = {https://doi.org/10.1016/0026-2862(80)90082-5},
url = {https://www.sciencedirect.com/science/article/pii/0026286280900825},
author = {G.W. Schmid-SchÃ¶nbein and R. Skalak and S. Usami and S. Chien}
}

@article{EndenG1994ANSo,
issn = {0148-0731},
journal = {Journal of biomechanical engineering},
pages = {79--88},
volume = {116},
publisher = {ASME},
number = {1},
year = {1994},
title = {A Numerical Study of Plasma Skimming in Small Vascular Bifurcations},
copyright = {Copyright 2004 Elsevier B.V., All rights reserved. Medline is the source for the MeSH terms of this document.},
language = {eng},
address = {New York, NY},
author = {Enden, G and Popel, A. S},
keywords = {Fundamental and applied biological sciences. Psychology ; Biological and medical sciences ; Hemodynamics. Rheology ; Vertebrates: cardiovascular system ; Microcirculation ; Models, Cardiovascular ; Rheology ; Blood Flow Velocity ; Hematocrit ; Plasma - physiology ; Logistic Models ; Erythrocytes - physiology ; Mathematics ; Hemodynamics ; Evaluation Studies as Topic ; Physiological aspects ; Research ; Erythrocytes ; Blood flow ; Blood plasma ; Index Medicus},
}

@article{Possenti2019,
author = {Possenti, Luca and di Gregorio, Simone and Gerosa, Fannie Maria and Raimondi, Giorgio and Casagrande, Giustina and Costantino, Maria Laura and Zunino, Paolo},
title = "{A computational model for microcirculation including Fahraeus-Lindqvist effect, plasma skimming and fluid exchange with the tissue interstitium}",
journal = {International Journal for Numerical Methods in Biomedical Engineering},
volume = {35},
number = {3},
pages = {e3165},
keywords = {capillary leakage, Fahraeus-Lindqvist, microcirculation, plasma skimming},
doi = {https://doi.org/10.1002/cnm.3165},
url = {https://onlinelibrary.wiley.com/doi/abs/10.1002/cnm.3165},
eprint = {https://onlinelibrary.wiley.com/doi/pdf/10.1002/cnm.3165},
note = {e3165 cnm.3165},
year = {2019}
}

@article{VahidkhahKoohyar2016FoRB,
issn = {2045-2322},
journal = {Scientific reports},
pages = {28194--28194},
volume = {6},
publisher = {Nature Publishing Group},
number = {1},
year = {2016},
title = {Flow of Red Blood Cells in Stenosed Microvessels},
copyright = {Copyright 2016 Elsevier B.V., All rights reserved.},
language = {eng},
address = {England},
author = {Vahidkhah, Koohyar and Balogh, Peter and Bagchi, Prosenjit},
keywords = {Blood Viscosity - physiology ; Constriction, Pathologic - pathology ; Models, Cardiovascular ; Computer Simulation ; Humans ; Computational Biology ; Microvessels - pathology ; Erythrocytes - physiology ; Hemodynamics - physiology ; Blood Flow Velocity - physiology ; Index Medicus},
}

@article{Adjoua2019,
author = {Adjoua, Olivier and Pitre-Champagnat, StÃ©phanie and Lucor, Didier},
title = {Reduced-order modeling of hemodynamics across macroscopic through mesoscopic circulation scales},
journal = {International Journal for Numerical Methods in Biomedical Engineering},
volume = {35},
number = {12},
pages = {e3274},
keywords = {hemodynamics, microcirculation, multiscale, pulsatility, reduced-order modeling, FÃ¥rhÃ¦us-Lindqvist effect},
doi = {https://doi.org/10.1002/cnm.3274},
url = {https://onlinelibrary.wiley.com/doi/abs/10.1002/cnm.3274},
note = {e3274 cnm.3274},
year = {2019}
}

@article{McKayC.B1988OFaF,
issn = {0363-6135},
journal = {American journal of physiology. Heart and circulatory physiology},
pages = {H238--H249},
volume = {254},
number = {2},
year = {1988},
title = {Osmolality-mediated Fahraeus and Fahraeus-Lindqvist effects for human RBC suspensions},
language = {eng},
author = {McKay, C. B and Meiselman, H. J},
}

@article{PRIESA.R1998Saas,
issn = {0363-6135},
journal = {American journal of physiology. Heart and circulatory physiology},
pages = {H349--H360},
volume = {44},
publisher = {American Physiological Society},
number = {2},
year = {1998},
title = {Structural adaptation and stability of microvascular networks : theory and simulations},
copyright = {1998 INIST-CNRS},
language = {eng},
address = {Bethesda, MD},
author = {PRIES, A. R and SECOMB, T. W and GAEHTGENS, P},
keywords = {Fundamental and applied biological sciences. Psychology ; Biological and medical sciences ; Hemodynamics. Rheology ; Vertebrates: cardiovascular system},
}

@inproceedings{goldsmith1971red,
title={Red cell motions and wall interactions in tube flow.},
author={Goldsmith, HL},
booktitle={Federation proceedings},
volume={30},
number={5},
pages={1578--1590},
year={1971}
}

@article{goldsmith1989robin,
title={Robin Fahraeus: evolution of his concepts in cardiovascular physiology},
author={Goldsmith, Harry L and Cokelet, Giles R and Gaehtgens, Peter},
journal={American Journal of Physiology-Heart and Circulatory Physiology},
volume={257},
number={3},
pages={H1005--H1015},
year={1989}
}

@article {Noguchi14159,
author = {Noguchi, Hiroshi and Gompper, Gerhard},
title = {Shape transitions of fluid vesicles and red blood cells in capillary flows},
volume = {102},
number = {40},
pages = {14159--14164},
year = {2005},
doi = {10.1073/pnas.0504243102},
publisher = {National Academy of Sciences},
issn = {0027-8424},
URL = {https://www.pnas.org/content/102/40/14159},
journal = {Proceedings of the National Academy of Sciences}
}

@article{KihmAlexander2021LDiM,
issn = {0006-3495},
journal = {Biophysical journal},
pages = {432--439},
volume = {120},
publisher = {Elsevier Inc},
number = {3},
year = {2021},
title = {Lingering Dynamics in Microvascular Blood Flow},
copyright = {2020 Biophysical Society},
language = {eng},
address = {United States},
author = {Kihm, Alexander and Quint, Stephan and Laschke, Matthias W and Menger, Michael D and John, Thomas and Kaestner, Lars and Wagner, Christian},
keywords = {Hamsters ; Analysis ; Blood flow ; Index Medicus ; Physics - Biological Physics},
}

@article{gaehtgens1980motion,
title={Motion, deformation, and interaction of blood cells and plasma during flow through narrow capillary tubes.},
author={Gaehtgens, P and D{\"u}hrssen, C and Albrecht, KH},
journal={Blood cells},
volume={6},
number={4},
pages={799--817},
year={1980}
}

@article{PhysRevE.86.056308,
title = {Lateral migration and equilibrium shape and position of a single red blood cell in bounded Poiseuille flows},
author = {Shi, Lingling and Pan, Tsorng-Whay and Glowinski, Roland},
journal = {Phys. Rev. E},
volume = {86},
issue = {5},
pages = {056308},
numpages = {12},
year = {2012},
month = {Nov},
publisher = {American Physical Society},
doi = {10.1103/PhysRevE.86.056308},
url = {https://link.aps.org/doi/10.1103/PhysRevE.86.056308}
}

@article{mohandas2012malaria,
title={Malaria and human red blood cells},
author={Mohandas, Narla and An, Xiuli},
journal={Medical microbiology and immunology},
volume={201},
number={4},
pages={593--598},
year={2012},
publisher={Springer}
}

@article{abularrage2005evaluation,
title={Evaluation of the microcirculation in vascular disease},
author={Abularrage, Christopher J and Sidawy, Anton N and Aidinian, Gilbert and Singh, Niten and Weiswasser, Jonathan M and Arora, Subodh},
journal={Journal of vascular surgery},
volume={42},
number={3},
pages={574--581},
year={2005},
publisher={Elsevier}
}

@article{suresh2006mechanical,
title={Mechanical response of human red blood cells in health and disease: Some structure-property-function relationships},
author={Suresh, S},
journal={Journal of materials research},
volume={21},
number={8},
pages={1871--1877},
year={2006},
publisher={Springer}
}

@article{bernabeu2018polnet,
title={PolNet: A tool to quantify network-level cell polarity and blood flow in vascular remodeling},
author={Bernabeu, Miguel O and Jones, Martin L and Nash, Rupert W and Pezzarossa, Anna and Coveney, Peter V and Gerhardt, Holger and Franco, Claudio A},
journal={Biophysical journal},
volume={114},
number={9},
pages={2052--2058},
year={2018},
publisher={Elsevier}
}